2670 5198
282 386 478 455 ORATIO
503 383 606 451 Puu
627 382 765 450 LEGE
788 383 1021 452 utlutntt.
1146 382 1187 455 31

89 598 92 605 Ι
128 506 220 579 uibus
238 505 396 579 liberam
414 529 482 604 per
503 503 616 575 hosce
632 503 772 573 anuos?
794 502 895 600 quod
918 503 1071 601 vectigal
1088 503 1193 577 vobis

128 630 234 689 tutum
257 615 356 687 fuit?
381 640 492 713 quem
520 615 661 685 socium
687 610 922 684 defendistis?
946 616 1004 685 cui
1027 614 1194 711 praesidio

127 727 290 799 classibus
315 728 443 799 vestris
462 724 602 797 fuistis?
619 748 730 823 quam
751 723 883 796 multas
910 727 1120 809 existimatis
1137 728 1194 798 in·

127 839 209 912 sulas
227 862 309 910 esse
332 837 517 910 desertas?
540 861 651 934 quam
673 835 804 906 multas
827 851 891 907 aut
909 851 1009 908 metu
1030 838 1192 928 relictas,

126 965 176 1021 aut
188 974 209 1021 a
221 947 463 1048 praedonibus
478 961 599 1044 captas
614 941 765 1018 urbes¹³
781 970 859 1017 esse
875 947 1083 1018 sociorum?

163 1064 243 1130 ΧΠ.
274 1056 348 1129 Sed
374 1057 465 1155 quid
493 1081 563 1154 ego
591 1055 792 1155 longinqua
818 1059 1095 1128 commemoro?
1113 1062 1197 1131 Fuit

128 1168 186 1240 boc
204 1166 418 1267 quondam,
438 1165 506 1238 fuit
525 1169 719 1265 proprium
740 1167 868 1265 populi
887 1169 1029 1239 romani
1046 1168 1154 1267 longe
1174 1195 1196 1242 a

128 1280 227 1350 domo
255 1278 418 1365 bellare,
446 1292 483 1349 et
511 1278 793 1375 propugnaculis
818 1279 983 1376 imperii¹
1013 1282 1196 1351 sociorum

128 1385 305 1472 fortunas,
323 1411 401 1457 uon
422 1412 488 1459 sua
507 1400 603 1458 tecta
622 1386 830 1460 defendere.
853 1389 966 1460 Sociis
986 1415 1053 1487 ego
1072 1392 1198 1463 vestris

128 1520 216 1568 mure
243 1497 411 1568 clausum
436 1521 503 1595 per
524 1496 635 1568 hosce
656 1522 772 1569 anuos
797 1498 913 1570 dicam
933 1499 1062 1586 fuisse,
1084 1525 1201 1599 quum

132 1608 301 1680 exereitus
319 1609 436 1679 nostri
455 1632 476 1678 a
493 1607 713 1679 Brundisio²
733 1633 957 1705 numquam,
976 1612 1046 1682 nisi
1059 1636 1201 1684 summa

134 1717 257 1806 bieme,
276 1719 569 1789 transmiserint?
587 1719 662 1806 Qui
682 1717 726 1787 ad
745 1741 810 1787 ros
826 1717 872 1788 ab
894 1722 1023 1790 exteris
1045 1720 1203 1792 nationi-

134 1827 190 1900 bus
207 1831 400 1914 venirent,
423 1842 548 1926 captos
571 1852 721 1924 querar3
741 1850 857 1924 quum
874 1827 979 1925 legati
999 1830 1125 1928 populi
1142 1856 1202 1902 ro·

135 1937 245 2011 ιιιιιιί3
264 1938 449 2038 redempti
466 1938 562 2010 siut?
582 1935 849 2008 Mercatoribus
867 1950 987 2007 tutum
1008 1944 1106 2011 mare
1127 1964 1203 2013 nou

134 2047 490 2147 luissedicam,quum
498 2047 1132 2146 duodecimsecures⁴inprudonum
1142 2077 1202 2151 po

135 2175 290 2233 testatem
304 2161 537 2260 pervenerint
547 2158 728 2231 ?Cnidum
738 2155 766 2248 ⁵,
774 2174 836 2230 aut
849 2159 1122 2257 Colophonem,
1136 2179 1199 2236 aut

136 2274 294 2360 Samum,
311 2271 554 2344 nobilissimas
571 2269 703 2357 urbes,
723 2269 1080 2370 inuumembilesque
1098 2272 1204 2362 alias,

136 2381 1205 2483 mptasessecommemorem3quumvmtrosportsrs⁶,atque

137 2519 189 2566 eos
197 2509 331 2594 portus
342 2492 615 2592 ,quibusvitam
626 2492 835 2589 etspiritum
851 2491 998 2578 ducitis,
1009 2495 1046 2563 in
1067 2494 1207 2590 praedo·

137 2628 215 2675 num
227 2604 339 2676 fuisse
352 2617 530 2702 potestate
541 2603 681 2675 sciatis?
691 2608 746 2673 Au
757 2628 843 2674 vero
851 2603 1026 2701 ignoratis
1037 2659 1046 2689 ,
1058 2621 1206 2701 portum

169 2780 206 2827 13.
220 2777 315 2841 Captus
327 2777 406 2824 urbes.
424 2775 606 2840 Quadraginta,
618 2785 647 2822 ut
692 2785 775 2822 tuaest
787 2775 813 2820 iu
825 2772 947 2832 Calabria,
957 2784 1032 2837 portu
1041 2774 1133 2836 nobili,
1143 2777 1209 2829 unde

138 2856 212 2905 scribit
222 2856 378 2905 Plutarchus.
386 2857 515 2921 Appianas
523 2855 572 2904 sie:
583 2854 647 2902 intra
693 2854 720 2900 in
733 2852 853 2900 Graeciam
867 2854 913 2899 iter
924 2862 969 2901 est.
985 2879 1019 2888 —
1032 2854 1125 2904 Hieme.
1142 2858 1210 2907 Pira.

137 2937 280 3001 septuaginta
296 2935 349 2983 dies
362 2951 447 2984 omnes
461 2936 592 3000 piratarum
605 2949 649 2980 na·
693 2941 772 2979 tarum
783 2944 859 2981 metu.

137 3030 187 3073 ses,
199 3015 225 3062 id
239 3014 407 3078 sst,amplius
425 3025 543 3074 trecenta,
557 3014 583 3060 in
597 3013 649 3073 ejus
730 3012 754 3061 3.
771 3010 951 3075 Legatipopuli
963 3010 1069 3060 romani.
1085 3015 1154 3063 Latet
1165 3019 1209 3082 qui

138 3105 278 3157 potestatem
296 3108 404 3153 venere,
420 3094 508 3157 partim
519 3093 544 3139 vi
556 3103 648 3156 eaptae,
693 3091 784 3138 fuerint
794 3091 827 3137 illi
836 3090 907 3155 legati
917 3101 942 3138 et
949 3107 999 3154 quo
1008 3100 1117 3156 tempore
1125 3097 1199 3160 capti.

137 3174 219 3237 partim
229 3173 261 3221 ab
271 3171 332 3238 ipsis
343 3171 448 3227 dedisse3
461 3182 558 3219 eentum
569 3180 649 3217 autem
731 3180 754 3228 t.
764 3173 802 3218 Du
814 3170 899 3218 ..lecim
906 3187 1007 3220 secures.
1018 3174 1209 3239 Duos,praetores

137 3264 159 3299 et
166 3254 248 3317 viginti
257 3251 345 3300 diebus
354 3261 455 3298 cunetas
463 3249 560 3297 illomm
568 3248 649 3307 urbes,
695 3251 821 3298 Sextilium
834 3261 857 3298 et
871 3250 1008 3312 Billenusu,
1021 3252 1046 3297 in
1058 3255 1211 3316 provinciam

137 3348 212 3389 areea,
226 3330 353 3395 perfugia,
370 3328 484 3390 castella,
498 3328 649 3392 receptacula
695 3339 791 3386 euntes,
806 3346 862 3375 eum
880 3330 1008 3385 ministris,
1023 3329 1168 3397 lictoribus,
1182 3354 1211 3387 ac

139 3411 289 3457 inditionem
300 3408 387 3474 populi
396 3408 488 3455 romani
496 3408 597 3473 redegit,
605 3423 650 3455 eae·
695 3408 779 3455 ceteris
791 3409 843 3469 ejus
855 3409 1007 3471 magistratus
1021 3409 1157 3474 insignibus
1167 3434 1211 3465 οι.

137 3491 284 3553 sisipsorum
292 3485 526 3553 pluaminusdecem
533 3486 650 3536 millibus.
693 3486 939 3551 ptivosabduxerunt
952 3490 1043 3552 piratae.
1060 3491 1128 3541 Senis
1140 3495 1212 3545 lasei-

172 3571 229 3618 ΧΠ.
245 3586 267 3616 ι.
282 3566 475 3631 Propugnaeula
492 3564 586 3630 inperii
607 3581 649 3613 vu·
695 3566 741 3614 bus
754 3567 779 3613 in
794 3568 926 3630 provinciis
938 3581 1055 3631 praetores
1068 3574 1210 3640 utebantur,

138 3661 221 3696 eantur
228 3648 335 3696 coloniae
345 3645 464 3693 institutae
473 3646 498 3692 iu
508 3644 647 3692 nationibus
693 3645 757 3693 binis
766 3647 792 3693 in
802 3646 875 3694 Urbe.
884 3649 948 3696 Plnt.
957 3649 984 3695 iu
994 3651 1042 3696 vita
1055 3654 1173 3719 Pompeii,

139 3726 201 3775 bello
213 3727 335 3788 subactis,
345 3725 435 3789 quibus
446 3736 471 3773 et
481 3726 555 3773 rictas
566 3736 649 3789 gentes
730 3726 754 3772 5.
769 3724 879 3773 Cnidum.
892 3727 981 3775 Urbem
994 3729 1078 3778 Carice.
1091 3760 1126 3768 —
1140 3736 1210 3785 Colo·

140 3809 162 3851 in
170 3805 251 3854 officio
261 3806 431 3861 continerent,
440 3814 462 3850 et
472 3804 578 3866 impetus
590 3804 649 3850 viei-
692 3803 796 3868 pisonem
807 3840 813 3857 ‚
825 3805 851 3851 in
863 3807 976 3854 loniu-
985 3808 1091 3858 Samum.
1103 3813 1211 3866 Insulam

141 3901 220 3932 narum
231 3886 338 3948 gentium
352 3884 378 3929 in
390 3899 444 3929 suas
456 3880 595 3946 provincias
607 3899 650 3928 eo·
695 3883 720 3929 in
730 3884 789 3929 muri
798 3886 894 3946 AEgaeo,
909 3902 964 3933 cum
975 3886 1034 3935 urbe
1047 3890 1154 3951 ejusdem
1166 3912 1212 3944 no·

141 3964 256 4013 luberent.
271 3969 321 4014 Has
341 3963 485 4029 plerumque
504 3979 518 4008 e
532 3965 651 4011 veteranis
699 3962 778 4009 minis.
1039 3960 1043 3972 ⁸

141 4044 254 4091 militibus
264 4046 392 4093 instituere
401 4039 632 4090 sotebanruonunt.
733 4039 756 4089 6.
770 4043 848 4104 Quum
857 4055 949 4091 uestros
955 4057 1048 4109 portus.
1060 4048 1157 4112 Caietae,
1165 4057 1213 4104 Mi.
1270 4068 1274 4079 ·

178 4140 201 4169 a.
211 4126 233 4170 A
243 4121 386 4172 Brundisio.
400 4119 474 4169 Abest
483 4135 511 4168 a.
521 4121 582 4182 Quae
595 4120 653 4167 ciri·
697 4120 762 4180 seni,
777 4131 802 4167 et
817 4122 899 4170 Ostiae.
914 4151 949 4160 -
967 4124 1051 4172 l'itam
1065 4139 1090 4175 et
1102 4130 1211 4194 spiritum
