2670 5198
210 803 256 875 36
388 808 392 817 ·
525 805 572 872 u.
599 804 637 869 r.
665 801 960 871 nicanorus

210 917 319 987 litera²
334 913 588 1014 perferuntur:
607 938 683 984 non
701 912 830 1000 modo,
848 927 889 983 nt
908 924 1094 1009 sumptum
1116 908 1223 981 faciat
1241 909 1278 980 in

210 1027 364 1097 militem
380 1035 422 1116 ¹⁹,
448 1027 585 1095 nemini
609 1027 662 1094 vis
686 1021 854 1110 affertur;
875 1021 938 1127 ped
958 1046 1005 1091 ne
1023 1020 1186 1118 cupienti
1206 1023 1281 1117 qui·

213 1136 296 1207 dem
319 1136 486 1232 cuiquam
499 1144 532 1176 ²⁰
551 1134 785 1231 permittitur..
805 1133 941 1204 Hiemis
959 1134 1077 1219 enim,
1094 1154 1171 1200 non
1196 1154 1281 1201 ava·

210 1245 299 1316 ritiae
329 1242 532 1343 perfugium
563 1245 717 1339 majores
752 1246 867 1314 nostri
895 1243 931 1312 in
964 1244 1146 1312 sociorum
1167 1253 1280 1337 atque

212 1361 411 1426 amicorum
431 1355 532 1425 tectis
548 1377 624 1425 esse
645 1351 890 1424 voluerunt²¹.

258 1470 353 1536 XIV.
378 1471 450 1563 Age
472 1473 581 1534 vero¹
606 1467 733 1535 ceteris
757 1465 795 1533 in
820 1461 929 1534 rebus
949 1461 1091 1560 qualis²
1118 1461 1164 1531 sit
1186 1474 1280 1530 tem·

211 1576 393 1676 perantia,
409 1573 641 1646 eonsiderate.
658 1573 765 1646 Unde
779 1573 876 1643 illam
890 1587 1027 1643 tantam
1041 1571 1279 1655 celeritatem,

212 1702 342 1759 ettam
366 1675 615 1756 incredibilem
640 1708 784 1755 cursum
809 1689 997 1754 inventum
1020 1681 1180 1781 putatis?
1198 1683 1282 1752 Non

213 1798 313 1868 enim
327 1795 429 1866 illum
445 1795 574 1864 eximia
586 1795 640 1864 vis
653 1797 848 1890 remigum,
864 1807 926 1863 aut
939 1817 997 1863 ars
1011 1789 1172 1862 inaudita
1187 1813 1282 1886 quae·

214 1906 296 1977 darn
313 1901 561 2002 gubernandi,
578 1920 642 1976 aut
653 1909 753 1975 venti
770 1903 882 2001 aliqui
903 1905 1007 1990 novi,
1025 1916 1098 1972 tam
1118 1900 1284 1971 celeriter

213 2021 251 2086 in
272 2014 416 2085 ultimas
436 2010 571 2084 terras³
591 2015 842 2112 pertulerunt;
866 2013 930 2084 sed
953 2013 1008 2082 hae
1028 2036 1105 2097 res,
1127 2034 1209 2107 quae
1228 2032 1283 2080 ce·
1308 2062 1313 2070 ,

213 2144 311 2196 teros
323 2125 497 2195 remorari
517 2123 654 2210 solent,
669 2148 743 2209 non
760 2122 1007 2195 retardarunt:
1024 2147 1101 2193 non
1118 2122 1281 2191 avaritia⁴

214 2234 259 2306 ab
281 2236 447 2305 instituto
470 2258 580 2305 cursu
611 2234 655 2305 ad
685 2235 838 2332 praedam
869 2232 1027 2331 aliquam
1054 2231 1243 2302 devocavit
1255 2227 1282 2315 ⁵,

213 2370 290 2415 non
304 2342 418 2415 libido
433 2341 478 2413 ad
493 2342 714 2440 voluptatem
723 2341 750 2432 ⁶,
769 2370 845 2437 non
859 2348 1048 2414 amoenitas
1066 2340 1112 2412 ad
1130 2340 1283 2412 delecta·

214 2454 378 2539 tionem,
398 2476 473 2522 non
502 2450 671 2523 nobilitas
695 2452 820 2523 urbis⁷
846 2453 892 2524 ad
916 2454 1182 2550 cognitionem,
1208 2475 1283 2521 non

214 2561 373 2658 denique
395 2559 499 2630 labor
526 2562 603 2658 ipse
628 2561 673 2632 ad
696 2565 866 2658 quietem.
892 2566 1077 2633 Postremo
1100 2562 1221 2658 signa,
1248 2573 1285 2630 et

216 2671 379 2756 tabulas,
414 2685 606 2767 ceteraque
645 2686 856 2742 ornamenta
893 2695 1091 2768 grecorum
1127 2667 1283 2767 oppido·

214 2805 321 2865 rum,
349 2805 430 2877 quae
459 2783 569 2851 ceteri
597 2780 756 2852 tollenda
785 2806 862 2852 esse
888 2783 1125 2865 arbitrantur,
1148 2804 1190 2850 ea
1215 2777 1286 2849 sibi

215 2892 274 2963 ille
292 2915 338 2962 ne
352 2890 500 2961 visenda
513 2889 662 2987 quidem
676 2893 900 2963 existimavit.
919 2897 1045 2990 Itaque
1060 2915 1190 2962 omnes
1207 2889 1285 2987 qui·

216 3003 300 3073 dem
315 3026 415 3072 nunc
436 3002 472 3070 in
494 3001 550 3070 his
569 3002 656 3072 locis
678 3007 743 3074 Cn.
765 3004 996 3101 Pompeium,
1016 3005 1109 3072 sicut
1126 3000 1285 3098 aliquem

215 3137 290 3183 non
312 3137 357 3181 ex
376 3110 444 3182 hnc
460 3110 551 3181 urbe
567 3115 734 3197 missum,
757 3111 820 3184 sed
841 3112 886 3183 de
903 3113 988 3182 caelo
1003 3112 1213 3207 delapsum,
1231 3111 1286 3179 in·
1308 3152 1314 3158 -

216 3239 387 3295 tuentur:
404 3247 504 3294 nuuc
518 3220 677 3320 deniqne
698 3224 877 3321 incipiunt
892 3216 1073 3308 credere8,
1091 3218 1202 3291 fuisse
1222 3219 1287 3290 bo-

255 3435 294 3482 19.
314 3422 426 3482 Sumptus
431 3417 518 3481 faciat
534 3418 559 3464 in
573 3418 681 3466 militem.
699 3419 730 3465 Id
810 3428 836 3474 4.
856 3419 914 3466 Non
932 3418 1047 3467 avaritia.
1067 3417 1179 3467 Ambitio
1193 3433 1288 3466 summa

218 3510 270 3558 est,
284 3497 406 3554 utcibns,
426 3496 631 3559 pecnnia,vestis
644 3506 729 3544 cetera·
774 3511 824 3546 erat
849 3499 960 3561 Pompeii
984 3497 1121 3561 cupiditas,
1141 3497 1183 3544 cui
1206 3497 1288 3545 omnia

217 3593 265 3639 qne
277 3575 366 3622 dantur
377 3573 505 3621 militibus.
773 3577 947 3635 condonabat,
967 3578 1000 3625 ita
1020 3587 1048 3624 nt
1069 3575 1182 3625 omnibns
1204 3576 1289 3626 fuisset

256 3670 297 3703 ao.
309 3653 436 3717 Cuiquam.
452 3653 561 3715 Asiatico
572 3655 686 3718 cuiquam
699 3671 730 3703 ns
774 3656 905 3703 virtutibus
918 3655 1054 3712 absolutus,
1067 3655 1114 3702 nisi
1127 3655 1175 3703 boc
1190 3655 1252 3704 vitio
1263 3673 1289 3704 aa

218 3734 368 3799 penninitnr
380 3732 493 3795 quidem,
508 3744 535 3780 ut
550 3733 608 3781 tales
619 3744 729 3798 sumptus
775 3736 826 3799 ipss
835 3751 864 3781 ae
877 3751 953 3797 remp.
964 3733 1176 3798 pessumdedisset.

219 3817 245 3861 in
254 3802 366 3876 Pompeii
374 3811 463 3858 milites
474 3810 552 3858 saciat.
811 3816 834 3862 5.
848 3813 894 3862 Ed.
907 3813 964 3860 Ald.
976 3812 1095 3861 revocavit
1100 3831 1111 3870 ‚·
1123 3814 1194 3863 Grnt.
1208 3813 1291 3863 mallet

254 3905 298 3939 at.
314 3890 456 3938 Voluerunt.
476 3891 562 3937 Socios
580 3890 605 3937 in
623 3890 730 3939 hibernis
774 3891 900 3940 revocavit.
913 3893 998 3940 Minus
1016 3901 1089 3940 recte.
1106 3891 1188 3942 Codd.
1203 3893 1231 3942 id
1243 3894 1289 3943 ba·

132 3959 134 3961 ¹
219 3969 357 4035 sumptibus
369 3984 420 4015 non
434 3970 535 4031 gravari.
774 3971 926 4035 bent,qu0d
936 3972 1028 4021 damus.
1041 3974 1066 4021 J.
1075 3974 1108 4019 V.
1122 3974 1150 4022 L.

255 4051 324 4097 XIV.
342 4061 363 4095 r.
377 4049 431 4111 Age
444 4063 516 4097 vero.
531 4048 679 4097 Transitioni
691 4051 730 4097 in·
811 4052 836 4099 6.
849 4053 907 4099 Non
919 4050 994 4100 libido
1003 4050 1040 4098 ad
1048 4052 1210 4115 vohaptatem.
1219 4054 1291 4102 Pelli-

220 4127 330 4175 asrvinnt
343 4124 416 4173 verba
430 4124 480 4173 ills.
776 4146 816 4181 ees
828 4131 893 4178 enim
904 4130 1053 4179 Mithridatis
1064 4141 1148 4196 captas
1159 4133 1192 4180 ad
1203 4149 1292 4198 paren-

257 4223 282 4253 α.
305 4204 370 4253 Edd.
392 4214 453 4253 vett.
480 4205 587 4269 Nauger.
612 4206 731 4256 Camerar.
777 4221 812 4259 tes
822 4209 912 4257 remisit
924 4211 1034 4257 intactas.

221 4283 293 4349 quali
297 4302 308 4341 ‚-
319 4284 375 4331 cod.
384 4285 491 4348 Hittorp.
502 4301 573 4348 φα,-
582 4285 672 4334 Modio
682 4287 732 4350 pla·
813 4306 836 4349 7.
844 4288 899 4334 Non
911 4273 1024 4336 nobilitas
1033 4288 1106 4338 urbr's.
1114 4289 1226 4346 Athenas,
1231 4306 1291 4355 quas

220 4363 289 4411 cebat
299 4379 350 4426 qna
358 4363 390 4409 sit
396 4380 406 4419 ,·
418 4362 445 4408 id
455 4373 478 4409 st
487 4365 516 4411 B.
526 4363 621 4413 Weisl.
633 4382 733 4429 prorsus
776 4367 897 4430 ingressus
905 4368 1048 4431 Pompeius,
1057 4383 1107 4415 ram
1117 4384 1209 4415 sacram
1219 4369 1291 4428 fecit,

221 4442 359 4490 Tullianum
368 4439 471 4502 judicat.
484 4443 509 4490 J.
519 4444 553 4491 V.
567 4444 596 4491 t.
777 4456 801 4493 et
811 4445 892 4493 habita
906 4446 1023 4493 concione
1034 4447 1160 4510 profectus
1170 4458 1217 4495 est.

257 4523 318 4570 3.1n
326 4520 512 4570 ultimasrsrras.
519 4522 548 4568 In
555 4521 731 4587 Pamphyliam.
814 4526 838 4572 8.
847 4522 971 4587 Inopiam
978 4524 1083 4574 credere.
1091 4525 1220 4575 Credimua
1226 4525 1290 4575 enim
