2670 5198
290 350 489 450 orario
513 380 778 451 euoenon
802 378 1040 450 nnuma.
1157 405 1200 453 αι

133 525 204 573 una
223 502 263 573 in
289 504 434 574 civitate
460 503 564 575 multi
592 527 669 575 rem
696 517 807 599 atque
832 498 997 573 fortunas
1018 503 1205 589 amittere,

134 627 174 683 nt
188 636 265 683 non
278 611 404 711 plures
418 636 542 685 secum
559 618 598 684 in
614 610 781 684 eamdem
796 609 1032 682 calamitatem
1049 610 1204 683 trahant.

135 727 253 820 Aquo
268 722 434 821 periculo
453 723 649 821 prohibete
666 719 950 820 rempublicam,
970 734 1009 791 et
1026 719 1116 792 mihi
1133 746 1207 793 cre·

136 831 229 921 dite,
248 832 287 903 id
300 832 403 930 quod
416 834 486 931 ipsi
503 834 654 906 videtis:
675 832 752 904 baee
769 829 880 917 fides,
896 845 1006 927 atque
1023 828 1099 902 brec
1113 831 1207 903 ratio

83 974 86 1031 5
136 945 391 1041 pecuniarum,
409 966 492 1040 quaa
509 948 652 1030 Romae,
667 967 750 1040 quoe
766 942 804 1012 in
821 938 928 1012 foro⁹
947 952 1123 1027 versatur,
1138 942 1206 1013 im·

83 1044 87 1167 j
136 1050 255 1149 plicita
275 1061 373 1123 est¹⁰
396 1076 482 1123 cum
506 1052 575 1124 illis
598 1052 765 1152 pecuniis
790 1051 953 1122 Asiaticis
971 1062 1010 1122 et
1031 1049 1206 1139 cobaeret3

83 1170 86 1187 '
135 1184 240 1231 ruere
256 1159 315 1230 illa
329 1185 404 1233 non
420 1177 597 1260 possunt,
611 1177 653 1234 ut
665 1162 741 1233 bac
756 1186 833 1234 non
847 1159 977 1233 eodem
992 1157 1207 1233 labefactata

83 1300 85 1307 ·
137 1283 237 1343 motu
263 1270 468 1344 concidant.
496 1275 619 1363 Quare
649 1272 825 1356 videte¹¹,
847 1295 937 1342 num
963 1267 1205 1343 dubitandum

83 1344 86 1445 l
136 1379 236 1453 vobis
257 1383 324 1471 sit,
348 1387 451 1455 omni
472 1383 592 1456 studio
620 1382 666 1457 ad
691 1384 727 1456 id
750 1382 888 1457 bellum
909 1379 1144 1471 incumbere,
1166 1383 1207 1453 in

137 1516 208 1589 quo
229 1491 344 1589 gloria
361 1495 519 1565 nominis
535 1497 665 1582 vestri,
683 1494 780 1566 salus
799 1493 998 1578 sociorum,
1019 1488 1207 1587 vectigalia

138 1601 309 1690 maxima,
330 1599 485 1675 lormnae
501 1602 743 1702 plurimorum
761 1604 893 1678 civium
916 1625 1001 1677 cum
1019 1598 1208 1699 republica

137 1707 432 1783 defendantur¹².

178 1823 275 1892 VIII.
301 1821 485 1910 Quoniam
509 1821 556 1894 de
580 1845 712 1921 genere
728 1820 817 1892 belli
831 1820 926 1905 dixi,
946 1842 1047 1890 nunc
1065 1817 1112 1890 de
1130 1842 1207 1889 ma·

136 1928 324 2026 gnitudine
348 1954 463 2028 pauca
489 1930 617 2012 dicam.
642 1937 763 2005 Potest
782 1932 881 2004 enim
903 1928 976 2001 hoc
996 1928 1068 2001 dici
1088 1955 1096 1999 ε
1118 1925 1206 2001 belli

135 2062 247 2135 genam
272 2063 352 2111 esse
378 2042 428 2112 ita
457 2043 719 2129 necessarium,
740 2056 782 2112 ut
807 2041 855 2112 sit
882 2035 1104 2138 gerendum
1131 2063 1208 2110 non

135 2170 210 2226 esse
235 2149 287 2219 lta
312 2172 508 2246 magnum,
539 2164 582 2222 ut
614 2153 660 2222 sit
689 2148 1033 2250 pertimescendum.
1062 2152 1105 2219 In
1130 2173 1207 2251 quo

135 2260 287 2331 maxime
305 2257 545 2331 laborandum
564 2277 636 2349 est,
653 2287 701 2333 ne
718 2260 832 2334 forte¹
853 2259 1007 2348 avobis,
1026 2285 1108 2358 qum
1122 2258 1206 2335 dili·

133 2370 339 2465 gentissime
364 2369 589 2469 providenda
616 2386 722 2463 sunt,
751 2369 1021 2446 contemnenda
1046 2394 1125 2443 esse
1151 2371 1206 2440 vi-

131 2475 298 2551 deantur.

177 2590 322 2686 Atque,
342 2603 386 2660 ut
404 2613 531 2663 omnes
553 2556 776 2690 intelligant,
790 2615 856 2664 me
882 2596 922 2664 L.
947 2589 1103 2664 Lucullo
1122 2604 1204 2662 tau·
1270 2682 1274 2691 Ι

163 2851 192 2899 9.
203 2834 312 2902 Iasum.
324 2836 402 2903 Apud
410 2839 575 2902 argenterios5
589 2854 645 2887 nan
688 2837 817 2896 habentur,
830 2838 920 2903 euplus
933 2852 992 2886 neae
1003 2847 1040 2886 est
1052 2837 1148 2886 Tullius
1161 2852 1205 2885 sn·

128 2914 172 2978 qul
183 2916 347 2978 argentm
365 2916 499 2979 faelebent,
512 2934 567 2967 eoas
580 2919 645 2967 ciroe
688 2931 749 2984 pre:
759 2915 825 2967 «sed
836 2932 883 2983 pro
896 2916 970 2966 verni
978 2916 1076 2981 lmperll
1086 2915 1204 2979 (lignitate

128 2992 213 3042 bun
229 2994 343 3043 tabernae
359 2994 499 3060 hebebant,
517 2996 585 3046 unde
597 2999 644 3046 cin-
688 3008 762 3062 etque
774 2997 867 3062 glorie,
880 2997 962 3047 ridete
974 3012 1049 3061 quern
1067 2994 1139 3044 vobis
1151 2995 1204 3044 enl-

126 3073 317 3123 mIoranenn
329 3091 363 3124 α
374 3076 461 3124 Cicero
472 3077 589 3142 appellat,
599 3077 643 3128 lib.
687 3093 755 3126 nnn
765 3077 947 3142 suscipiendum
959 3076 1078 3141 poterin.
1088 3075 1133 3125 111·
1144 3090 1203 3125 mo

126 3151 154 3199 11
160 3152 197 3200 erl
211 3154 336 3213 Atticum
349 3154 452 3220 epistola
465 3170 491 3205 1.
501 3156 591 3217 Livius,
599 3156 644 3207 lib.
687 3158 761 3205 etlam
769 3156 895 3221 eliquanto
906 3158 999 3218 miore
1011 3178 1023 3200 ι
1030 3155 1120 3205 Videte
1125 3172 1166 3218 ne,
1174 3165 1203 3205 nt

127 3231 164 3280 Vl
177 3231 378 3282 scandendis:
388 3233 540 3294 ull-mibnl,
548 3235 642 3299 inquit,
687 3235 736 3285 lllie
747 3236 938 3302 pulcherrimum
949 3237 1009 3295 fnit,
1029 3245 1122 3286 tentem
1132 3235 1203 3285 suble

126 3324 220 3361 rouro
232 3312 480 3376 praesumemus
489 3315 644 3378 argenturiae,
688 3315 785 3379 imperii
798 3316 899 3380 gloriam
913 3316 1065 3380 relinquere,
1084 3316 1120 3365 ele
1132 3315 1203 3365 voble

126 3390 257 3455 quein
266 3391 480 3440 Iomrounum
488 3403 547 3441 tnnc
554 3404 644 3455 ment,
688 3394 855 3458 turpissimum
867 3396 912 3458 eit,
918 3395 980 3443 illud
987 3395 1057 3459 quod
1066 3395 1204 3461 accepietla,

126 3469 201 3537 ’μὴ
211 3470 325 3520 mnu.
689 3473 753 3522 tueri
767 3485 792 3521 et
805 3490 952 3522 conservare
964 3490 1017 3523 non
1028 3491 1129 3541 poue..

165 3566 209 3601 ro.
221 3549 351 3616 raptistae
370 3560 415 3598 est.
437 3550 557 3600 Societets
569 3567 646 3618 nego-
728 3569 770 3602 ra.
784 3553 860 3618 ang.
872 3551 1043 3619 defenduntur.
1053 3556 1115 3603 Tres
1126 3552 1201 3604 codd.
1293 3596 1295 3601 .

127 3628 254 3679 &tom
688 3647 744 3678 eum
753 3648 803 3697 rep.
813 3632 950 3698 conjuncte
963 3633 1136 3699 defendantur.
1149 3636 1201 3699 Ap·

164 3726 208 3758 ιι.
220 3708 409 3772 Qunvtdeee.
421 3709 590 3758 Manutinsait
601 3726 645 3759 co·
689 3712 782 3774 posite,
794 3712 875 3776 inquit
895 3714 1026 3774 Gruterus,
1045 3714 1077 3761 ed
1092 3730 1133 3775 ce,
1145 3730 1201 3779 qne

128 3787 291 3838 burdinum
302 3788 437 3853 qaudam
445 3788 583 3837 liberiorem
593 3807 645 3837 esse
688 3800 876 3839 antecesserunt.
889 3793 914 3839 J.
923 3792 955 3841 V.
965 3794 994 3841 1.

129 3868 316 3917 «moriam
333 3867 454 3923 dicentis,
466 3869 599 3931 pre-enin
613 3868 645 3917 ed
726 3868 1200 3935 Vlll.r.Scbiite.eI’ebt.eee.sertean,

129 3948 331 4013 nulnum
339 3945 369 3993 in
382 3956 479 4004 senatu,
488 3947 585 4006 audete,
593 3949 645 3996 sine
690 3964 740 3996 vox
751 3950 835 4011 ignota
848 3951 980 4009 Ciceroni,
993 3952 1104 4014 quamvis
1116 3950 1199 3999 locum

130 4028 269 4090 tropen:
280 4025 358 4089 alpe
378 4027 498 4073 minem
512 4026 600 4075 dicere.
619 4028 645 4076 si
690 4044 756 4075 nnnc
769 4029 856 4079 efferre
875 4030 956 4095 poesis
968 4030 1000 4079 de
1011 4033 1074 4095 llep.
1090 4031 1144 4087 Ill,
1155 4046 1198 4091 ²7·

131 4105 223 4168 pita
240 4105 285 4154 ille
304 4103 401 4154 modin
420 4103 645 4170 loquardilicentia
688 4108 849 4159 J.t'.t.-
869 4108 1204 4175 munchen-putatet
