2670 5198
158 369 355 440 ORATIO
379 366 481 436 PRO
507 366 643 434 LEGE
667 366 905 438 MANILIA.
1020 370 1067 457 45

109 507 141 580 t,
162 514 274 588 quam
292 488 496 560 auctoritati
518 499 644 558 vestrae
659 485 920 584 obtemperare.
942 492 1069 591 Itaque

109 620 190 689 ὲν,
210 625 305 672 unus
324 602 398 687 vir,
423 621 520 669 uuus
544 621 680 685 annus,
700 622 775 669 nou
796 597 905 671 modo
922 626 990 672 nos
1011 604 1071 677 illa

108 717 142 785 ia
162 737 206 784 ac
223 709 450 808 turpitudine
466 707 649 795 liberavit,
671 705 736 778 sed
753 708 859 778 etlam
873 708 1010 801 effecit,
1029 729 1071 786 ut
1134 743 1140 757 ·

109 823 198 896 indo
214 845 298 892 vere
310 819 517 890 videremur
530 816 700 888 omnibus
713 816 882 914 gentibus
896 844 937 891 ac
953 824 1070 895 natio·

128 947 227 1003 terra
245 931 409 1027 marique
426 931 616 1026 imperare.
638 930 721 1017 Quo
740 927 829 997 mihi
848 933 956 1000 etiam
975 932 1073 1004 indi·

119 1040 265 1111 videtur
276 1038 518 1110 obtrectatum
531 1061 608 1108 esse
621 1034 756 1122 adhuc,
771 1034 927 1109 Gabinio
940 1037 1074 1126 dicam,

118 1150 308 1247 Pompeio,
331 1173 378 1219 an
400 1151 547 1245 utrique
562 1145 624 1242 (id
647 1145 747 1244 quod
764 1161 817 1218 est
835 1153 953 1221 verius
967 1149 1003 1243 )l
1027 1177 1075 1226 ne

109 1276 182 1333 etur
196 1266 235 1331 A.
252 1255 451 1331 Gabinius³
471 1261 538 1328 Cn.
557 1259 730 1354 Pompeio
747 1262 931 1354 expetenti
950 1284 991 1331 ac
1006 1286 1074 1360 po·

109 1373 161 1443 1ti.
182 1373 313 1441 Utrum
332 1368 411 1454 ille,
436 1369 500 1464 qui
518 1366 677 1464 pustulat
699 1365 855 1462 legatum
870 1365 916 1438 ad
933 1380 1076 1440 tantum

109 1512 161 1572 m,
182 1508 293 1581 quem
311 1483 416 1568 velit,
442 1480 596 1553 idoneus
618 1494 786 1569 nonest,
809 1485 873 1578 qui
888 1484 1076 1581 impetret,

108 1623 118 1666 t
139 1597 248 1666 ceteri
264 1593 309 1664 ad
324 1591 536 1690 expilandos
551 1592 667 1662 socios
685 1589 977 1688 diripiendasque
995 1617 1078 1691 pro-

109 1729 159 1792 rs,
182 1728 275 1801 quos
287 1702 502 1786 voluerunt,
527 1700 662 1798 legatos
686 1698 894 1788 eduxerint3
917 1724 965 1772 an
983 1705 1078 1799 ipse,

125 1814 205 1910 lege
225 1812 320 1884 salus
337 1836 379 1883 ac
394 1809 547 1907 dignitas
563 1809 701 1907 populo
714 1833 867 1878 romano
879 1824 989 1909 atque
1002 1838 1079 1884 orn·

109 1921 298 2022 rgentibus
314 1923 509 1993 constituta
524 1933 577 1991 est
589 1974 599 2007 ,
609 1943 738 2018 expers
748 1944 825 1991 esse
834 1918 943 1992 debet
956 1923 1078 2021 glories

114 2037 343 2134 imperatoris
374 2047 483 2129 atque
515 2031 594 2126 ejus
616 2034 812 2117 exercitus,
840 2032 906 2127 qui
928 2034 1079 2106 consilio

109 2156 244 2240 satque
259 2141 442 2238 periculo‘·
453 2155 507 2211 est
518 2138 762 2211 constitutus?
773 2144 829 2212 An
840 2144 879 2211 C.
889 2142 1079 2234 Falcidius,

109 2253 257 2339 [etelluS,
279 2255 323 2342 Q.
353 2247 510 2322 Coelius⁵
537 2251 773 2339 Latiniensis,
794 2256 860 2323 Cn.
882 2254 1079 2343 Lentulus,

123 2387 251 2434 omnes
278 2361 430 2432 honoris
453 2385 559 2432 causa
585 2362 762 2447 nomino,
791 2385 907 2457 quum
939 2362 1079 2434 tribuni
1182 2418 1186 2425 .

109 2471 312 2557 afuissent,
329 2495 426 2541 anno
444 2471 611 2568 proximo
630 2466 761 2568 legati⁶
772 2494 849 2543 esse
862 2485 1077 2570 potuerunt:

109 2605 140 2653 >c
157 2607 235 2652 uno
254 2578 410 2652 Gabinio
433 2594 520 2650 sunt
538 2594 611 2650 tam
627 2579 832 2677 diligentes,
857 2583 921 2677 qui
945 2582 982 2652 iu
1009 2582 1081 2656 hoc

115 2746 125 2778 ,
146 2691 249 2789 quod
265 2691 343 2788 lege
364 2688 518 2761 Gabinia
535 2691 693 2787 geritur,
714 2695 751 2760 in
772 2689 843 2761 hoc
861 2691 1080 2788 imperatore

109 2827 119 2874 t
140 2805 322 2888 exercitu,
344 2826 453 2899 quem
473 2825 538 2899 per
565 2826 602 2871 se
624 2804 720 2899 ipse⁷
740 2801 942 2886 constituit,
972 2804 1080 2873 etiam

109 2916 193 3011 ipuo
209 2913 292 3009 jure
311 2937 386 2985 esse
407 2905 602 2984 deberet⁸t
621 2914 676 2982 De
700 2935 776 3010 quo
798 2909 952 3008 legando
974 2935 1081 3010 spero

109 3075 144 3121 ita
156 3073 206 3120 lex.
220 3072 334 3121 Gabinis.
346 3101 380 3111 -
392 3074 459 3120 Unus
472 3071 522 3121 vir.
568 3070 712 3121 offensionis
725 3069 797 3134 culpa
817 3069 877 3135 legit
894 3070 987 3120 maort
1001 3081 1027 3120 et
1037 3086 1082 3120 tu·

109 3167 148 3200 sus.
159 3176 196 3186 -·
211 3152 277 3197 Unus
290 3166 377 3199 annm.
389 3149 458 3197 Bello
471 3164 523 3197 ma·
568 3151 631 3199 ctori
642 3149 726 3199 fuimt
737 3149 868 3214 adscripta.

109 3228 180 3278 linem
189 3229 316 3293 imposuit.
605 3231 628 3278 5.
641 3229 693 3278 Atti
701 3228 776 3276 codd.
788 3229 818 3291 Q.
830 3226 956 3286 Catilius
964 3227 1019 3288 ulli,
1028 3231 1079 3278 Lo·

109 3308 261 3373 'elegantur
273 3310 305 3355 A.
319 3306 448 3354 Gabinius.
468 3308 526 3354 Mos
569 3307 686 3356 sericatis.
699 3310 726 3357 J.
737 3309 768 3354 V.
777 3309 805 3357 t.

118 3403 149 3435 ne
163 3388 181 3433 ii
199 3386 242 3450 qui
263 3386 356 3434 tribuni
375 3385 452 3450 plebis
464 3386 526 3433 fuis-
606 3387 633 3436 6.
656 3385 742 3452 legati
760 3400 811 3432 esse
825 3395 968 3449 pomerum.
990 3384 1082 3436 Probat

109 3465 247 3530 legarentm
269 3481 335 3513 anno
358 3466 472 3531 proximo
496 3466 527 3513 iis
569 3463 1082 3528 huncmoremprudentltfictumliqucn

109 3544 201 3592 toribus
211 3561 255 3608 per
266 3544 417 3593 tribunamm
429 3544 526 3592 illorum
572 3544 605 3591 do
624 3544 760 3608 neglectum
782 3543 869 3604 tuine,
891 3553 934 3592 aut
954 3543 1039 3591 frium
1058 3557 1084 3594 et

109 3624 165 3684 πίῃ
186 3623 291 3671 tribunis
311 3640 398 3687 nempe
418 3639 464 3687 pro
482 3639 528 3670 cuo
572 3622 664 3670 artibus
677 3637 829 3686 oppressum.
840 3647 875 3658 -·
886 3624 949 3669 Sunt
961 3632 1013 3669 mm
1026 3622 1085 3671 diti-

109 3720 115 3752 ι
125 3703 167 3764 jus
182 3713 232 3750 erat
245 3702 276 3749 ad
291 3703 411 3766 populum
425 3702 528 3750 concio-
570 3713 664 3766 gemes.
676 3704 706 3751 In
715 3700 842 3749 retinendo
852 3717 920 3749 more
931 3702 1060 3762 majorum.

109 3793 133 3831 et
145 3781 182 3829 cic
194 3776 307 3845 eligendo
317 3783 416 3840 tali,aut
427 3782 471 3829 tali
484 3782 529 3828 im·
610 3798 634 3840 7.
656 3782 753 3829 Gruter.
767 3790 791 3827 et
804 3790 860 3844 post
873 3795 927 3827 eum
941 3779 1013 3828 multi
1025 3797 1085 3844 pro-

109 3861 121 3908 i
135 3861 246 3919 obstare,
260 3871 301 3908 aut
312 3861 392 3908 lavere
401 3871 528 3925 poterunt,
572 3860 632 3908 bant
644 3859 701 3907 lect.
710 3861 772 3907 MSS
786 3858 874 3908 Colon.
886 3869 911 3906 et
918 3857 1002 3907 Werd.
1017 3881 1029 3900 α
1039 3877 1083 3924 per

114 3940 227 4005 ipsorum
238 3942 373 3988 commodis
383 3941 509 3990 servirent.
573 3955 617 3986 vus
628 3938 681 4001 ipse
691 3960 712 3985 ι.
726 3939 753 3987 J.
765 3941 795 3984 V.
807 3939 834 3984 t.

109 4021 177 4084 leque
191 4018 311 4084 periculo.
333 4022 395 4068 Nam
417 4019 437 4066 si
455 4035 528 4081 qnam
609 4020 671 4066 8.1.
684 4032 707 4066 ο.
723 4017 1082 4082 deberet.Magiseausoequanr

109 4115 178 4146 >nem
190 4098 320 4161 tecepisset
331 4099 465 4158 exercitus,
477 4099 528 4158 ejus
574 4096 1034 4146 veritatiservitoraton'l'rcbcllicenim
1041 4099 1084 4144 Ga
