2670 5198
279 113 484 184 ORATIO
505 116 609 186 PRO
634 117 777 187 LEGE
802 118 1044 188 MANILIA.
1156 119 1201 192 53

127 236 227 308 licetl
247 235 328 322 isti,
354 237 420 333 qui
446 235 494 307 ad
518 262 637 308 unum
657 235 865 311 deferenda·
881 262 958 311 esse
985 241 1108 312 omnia
1126 267 1201 314 non

126 345 370 418 arbitrantur?
384 347 488 444 quasi
501 372 590 419 vero
601 352 667 419 Cn.
682 351 897 446 Pompeium
908 373 985 420 non
998 374 1114 447 quum
1128 355 1203 424 suis

124 455 335 542 virtutibus,
351 472 430 528 trrm
449 460 557 528 etiam
575 458 701 530 alienis
718 460 833 547 vitiis,
853 482 1025 554 magnum
1049 484 1130 531 esse
1148 462 1200 530 ri·

123 569 282 640 deamus.
301 570 427 661 Quare·
439 566 551 639 nolite
561 568 743 655 dubitare,
762 571 853 665 quin
868 568 953 640 huic
971 573 1035 639 uni
1047 569 1200 643 credatis

121 680 263 765 omnia,
286 678 353 775 qui
370 679 466 748 inter
482 702 599 749 annos
613 676 689 750 tot⁵
705 704 800 749 unus
822 681 992 749 inventus
1009 681 1070 768 sit,
1089 706 1199 777 quem

120 791 206 860 socii
228 790 269 858 in
288 785 400 858 urbes
426 812 509 858 suas
537 812 620 859 cum
649 792 808 861 exercitu
836 790 977 861 venisse
1009 791 1201 887 gaudeant.

118 898 230 990 Quod
253 897 579 970 siauctoritatibus
602 900 695 971 banc
722 924 886 987 cansam,
911 902 1094 990 Quirites,
1112 927 1201 973 eon-

114 1006 334 1080 firmandam
358 1013 514 1105 putatis;
547 1023 601 1080 est
620 1010 726 1081 vobis
755 1007 918 1096 auctor⁶,
940 1013 995 1081 vir
1021 1010 1201 1082 bellorum

112 1120 286 1191 omniurn
307 1121 619 1216 maximarumque
640 1144 762 1191 rerum
785 1121 1043 1218 peritissimus,
1060 1126 1097 1191 P.
1117 1127 1198 1193 Ser-

112 1229 245 1316 vilius,
267 1229 372 1324 cujus
400 1244 507 1301 tantae
532 1254 589 1301 res
612 1245 719 1328 gestae
744 1245 840 1301 terra
868 1233 1032 1327 marique
1053 1236 1199 1302 exstite-

114 1353 226 1428 runt,
251 1354 314 1428 ut,
351 1365 466 1438 quum
493 1339 660 1411 debello
686 1339 918 1427 deliberetis,
943 1356 1071 1411 auctor
1095 1340 1200 1414 vobis

116 1452 264 1545 gravior
277 1474 355 1522 esse
372 1450 641 1538 nemodebeat3
661 1466 715 1521 est
740 1454 780 1519 C.
798 1452 949 1538 Carior,
965 1454 1117 1522 summis
1141 1477 1200 1523 ve·

117 1561 200 1632 stris
218 1559 420 1648 beneficiis,
442 1562 681 1658 maximisque
700 1559 810 1632 rebus
826 1565 953 1656 gestis,
973 1587 1117 1631 summo
1142 1563 1198 1632 in-

10 1744 16 1780 r
120 1672 224 1768 genio
246 1685 284 1743 et
303 1670 497 1769 prudentia
519 1670 709 1769 praeditus3
742 1683 796 1741 est
819 1675 884 1740 Cn.
912 1675 942 1739 Ι
944 1668 1168 1758 entulusls
1159 1696 1197 1742 m

10 1846 25 1888 ι
121 1806 193 1878 quo
212 1805 342 1853 omnes
350 1806 447 1880 ,pro
467 1781 695 1879 amplissimis
715 1784 842 1851 vestris
857 1778 1078 1866 bonoribus,
1098 1805 1196 1851 sum·

10 1926 34 1995 g
124 1917 216 1964 mum
231 1893 445 1977 consilium,
458 1917 634 1963 summam
647 1895 857 1988 gravitatem
871 1915 949 1961 esse
961 1893 1196 1987 cognoscitls;

23 2070 40 2082 ,
128 2007 236 2074 estC.
260 2005 444 2087 cassium,
467 2005 690 2096 integritate,
712 2003 865 2086 virtute,
896 2003 1097 2072 constantia
1119 2004 1193 2072 sin·

36 2191 46 2207 ἱ
130 2109 1192 2204 prlari.Quarev1dcle¹⁰uthorumauctorrtaubusillo·

131 2243 197 2291 rum
218 2223 393 2308 orationi,
411 2223 475 2321 qui
496 2221 740 2312 dissentiunt,
768 2221 991 2321 respondere
1013 2248 1119 2320 posse
1137 2229 1192 2294 vi·

36 2389 49 2398 .
131 2327 276 2405 deamm.

165 2447 292 2515 xxtv.
319 2447 409 2536 Quae
436 2469 552 2542 quum
581 2445 629 2515 ita
658 2449 747 2531 sint,
774 2448 813 2516 C.
839 2445 1008 2530 Manilia
1031 2448 1192 2542 primum

153 2663 175 2713 4,
182 2653 437 2721 Ignorautvidalicet.
447 2656 536 2703 Iruuiae
545 2671 628 2719 genus.
672 2670 733 2719 pum
740 2653 1006 2716 evertit,1saururuqus
1014 2653 1090 2716 ipsam
1097 2652 1189 2703 cilicia

38 2761 47 2770 ·
127 2730 251 2783 Madau
264 2734 362 2783 videtur
374 2736 470 2799 siguum
492 2735 628 2798 Interroga·
673 2750 752 2782 arcem
767 2734 874 2793 delevit,
889 2733 954 2780 unde
968 2733 1088 2780 Isauricus
1098 2749 1192 2797 coguo-

126 2811 188 2861 tionis
199 2824 257 2879 post
271 2813 432 2872 arbitrantur,
445 2813 627 2878 reponendum·
672 2815 778 2862 minatus
788 2823 832 2861 est.
844 2813 947 2873 Strabo,
956 2811 1001 2860 lib.
1012 2814 1087 2872 XVI,
1098 2823 1122 2860 et
1132 2812 1191 2861 Flo-

125 2905 163 2954 φο
177 2903 308 2963 puncurm.
673 2909 732 2953 rus,
744 2895 865 2956 Epitome.

151 2974 175 3022 5.
187 2975 257 3022 luter
269 2988 351 3021 anuos
361 2983 405 3021 tot.
421 2970 628 3020 crateasmiin.
711 2990 735 3033 7.
754 2973 780 3019 C.
799 2971 878 3020 Curio.
893 2972 922 3020 C.
942 2971 1084 3019 Scribonius
1100 2973 1189 3033 Curio,

123 3051 193 3100 lim.
203 3051 269 3100 s'rreer
280 3063 326 3100 tot.
338 3050 447 3101 Sohund.
458 3051 627 3115 imperatores,
673 3052 715 3114 qui
728 3060 784 3098 enm
797 3051 844 3098 Cn.
864 3050 968 3097 Octavio
991 3050 1076 3098 consul
1095 3051 1190 3113 fuerat,

123 3131 209 3191 qui‚ut
218 3146 275 3180 anas
286 3130 468 3195 locupletarent
479 3146 565 3192 arcas,
579 3147 627 3196 pu·
673 3130 743 3176 anuis
766 3129 855 3176 abhinc
881 3128 974 3177 decem.
1002 3130 1137 3178 Procouaul
1157 3131 1188 3179 de

10 3250 18 3265 ,
123 3206 200 3258 blicam
212 3227 265 3258 reru
274 3209 339 3257 male
351 3220 484 3272 gesserant.
672 3208 792 3255 Dardanis
809 3207 988 3271 triumphavit,
1006 3224 1020 3254 e
1042 3209 1187 3263 Macedonia

10 3339 22 3347 ,
148 3289 172 3336 b.
185 3291 289 3337 Auctor.
304 3290 356 3352 Qui
375 3304 427 3335 rem
441 3287 520 3335 facere
533 3287 626 3338 suadet.
672 3288 775 3335 rediens.
791 3288 854 3334 Flos.
865 3287 973 3350 Epirum.
988 3286 1030 3334 lib.
1043 3289 1123 3338 xcn.

10 3400 22 3431 ἶ
121 3370 179 3416 -Ρ,
188 3366 310 3415 Servilius.
319 3368 489 3430 cognomento
499 3367 627 3428 Isauricus,
709 3370 734 3415 8.
748 3366 791 3414 Cn.
806 3367 929 3414 Lentrdus.
939 3366 1045 3423 Consul,
1057 3384 1113 3416 anu.
1124 3370 1187 3428 681,

10 3489 20 3501 ,
121 3447 155 3509 qui
169 3448 239 3495 annis
251 3446 344 3495 abhinc
357 3447 386 3494 13
401 3444 489 3493 consul
504 3461 559 3492 cum
572 3447 626 3509 Ap·
671 3462 727 3493 cum
740 3449 858 3509 Spartaco
870 3455 1026 3517 pugnaverat.

120 3526 155 3588 plo
166 3526 270 3576 Claudio
290 3525 354 3586 futu
366 3540 418 3589 quo
432 3540 497 3571 anuo
509 3524 574 3571 Sulla
589 3524 626 3571 di·
707 3542 731 3587 9.
741 3525 766 3573 C.
783 3523 887 3572 Cassius.
898 3526 920 3569 ls
930 3523 992 3570 sorte
1005 3524 1047 3587 qui
1056 3541 1121 3573 anuo
1130 3538 1186 3576 aute

120 3616 229 3655 ctamram
251 3605 377 3670 deposuit.
392 3606 435 3664 ls,
454 3603 586 3667 proconsul
600 3605 628 3652 iu
671 3604 803 3650 Lentulum
819 3603 864 3649 fnit
877 3602 973 3648 consul.

120 3684 210 3744 cuius,
223 3688 322 3733 isauros
338 3683 448 3743 domuit,
462 3699 518 3729 cum
532 3681 628 3746 praedo·
710 3696 751 3729 ru.
766 3681 816 3729 Alii
829 3681 916 3737 multi,
930 3697 995 3730 uum.
1010 3683 1035 3728 J.
1049 3684 1079 3728 V.
1089 3685 1115 3729 L.

120 3761 217 3812 banus
228 3764 361 3828 aliquoties
372 3760 496 3818 conflixit,
509 3778 577 3809 arces
586 3777 626 3809 eo·
707 3763 805 3809 XXIV.
821 3776 842 3806 r.
857 3761 883 3808 C.
895 3761 991 3808 arania.
1003 3761 1089 3807 Statim
1102 3780 1129 3811 ac
1144 3767 1187 3825 trip

120 3855 165 3890 tuus
178 3842 336 3893 validissimas
356 3840 475 3892 Phaselim
496 3851 521 3889 et
539 3841 627 3906 Olym·
672 3840 766 3889 buuatn
779 3841 892 3899 functus,
908 3855 960 3887 uon
979 3841 1100 3888 immerito
1112 3858 1186 3890 accu-
