2670 5198
430 393 816 464 ARGUMENTUM.
1138 397 1158 468 5

135 514 288 571 cmeiatum
305 515 426 572 necavit.
440 514 522 572 Idem
541 534 632 592 quum
651 515 800 593 Ephesum
816 517 959 589 venisset,
985 535 1044 577 uno
1059 522 1163 579 nuntio

134 622 215 687 atque
234 631 292 668 una
309 610 458 668 literarum
470 612 679 689 significatione
703 612 782 670 cives
796 630 930 671 romanos
945 615 975 672 iu
989 615 1058 674 Asia
1074 634 1165 695 nego-

133 708 232 765 tiantes
242 705 390 766 necandos
405 707 653 786 trucidandosque
666 708 826 767 denotavit.
843 714 887 768 lta
901 711 1061 771 secondom
1074 714 1164 772 Vale·
1244 724 1251 733 “

132 805 201 862 num
218 810 299 864 Max.
320 806 469 884 octoginta
491 807 597 879 millia,
620 806 780 865 secundum
801 805 990 866 Plutarchum
1011 810 1042 868 in
1070 811 1165 884 Sulla,

130 914 242 959 eentum
257 902 468 980 quinquaginta
487 903 576 962 millia
591 904 697 962 civium
714 903 874 982 perierunt.
889 908 965 963 Tum
979 910 1011 963 L.
1026 909 1162 965 Cornelio

130 999 215 1058 Solle
228 998 438 1058 demandatum
450 1013 494 1059 est
506 999 614 1059 bellam
630 1001 768 1060 adversus
778 997 977 1060 Mithridatem
991 1003 1161 1082 gerendum.

129 1097 185 1169 Qui
200 1109 356 1175 postquam
367 1095 397 1154 in
410 1094 492 1157 Urbe
506 1101 537 1157 G
555 1099 643 1156 Marii
655 1110 685 1156 et
698 1103 730 1156 P.
741 1098 863 1176 Sulpicii
878 1098 1032 1157 factionem
1041 1099 1097 1158 sibi
1109 1100 1164 1158 ad-

129 1207 289 1253 versantem
306 1209 508 1275 oppresserat,
522 1197 672 1275 ptuleotus
685 1209 729 1256 est
743 1193 772 1255 in
784 1198 948 1267 Graeciam,
963 1199 992 1255 ln
1008 1215 1097 1276 quam
1108 1204 1165 1257 Ar-

129 1291 245 1350 chelaus
255 1310 274 1350 a
285 1290 457 1352 Mithridate
472 1310 539 1352 cum
551 1292 643 1353 classe
656 1307 685 1353 et
698 1295 828 1353 exereitu
840 1295 958 1368 missus,
973 1295 1166 1354 Athenienses

130 1388 260 1466 aliosque
274 1389 395 1448 Graeeiae
404 1391 531 1468 populos
540 1404 573 1449 ut
582 1391 657 1470 regis
672 1390 805 1468 partibus
817 1392 958 1464 faverent,
972 1393 1164 1470 compulerat,

132 1485 253 1543 Athenis
261 1499 359 1544 autem
372 1487 547 1546 Aristionera
562 1501 718 1564 tyrannum
730 1489 930 1547 constituerat.
938 1490 1020 1549 Sulla
1034 1493 1125 1548 an.U.
1133 1495 1164 1548 C.

129 1580 196 1652 667,
206 1581 339 1640 amenas
352 1581 491 1642 diuturna
503 1580 658 1641 obsidione
671 1596 701 1641 et
715 1584 791 1641 lame
805 1581 930 1642 domitas
943 1585 973 1641 ιιι
989 1602 1070 1643 suam
1083 1598 1167 1663 pote-

129 1690 228 1736 statem
245 1677 373 1755 redegit,
394 1680 569 1738 Aristiomm
590 1679 736 1757 supplicio
756 1680 872 1752 aiieeit,
897 1678 1073 1739 Archelaum
1088 1698 1166 1741 uano

128 1777 260 1852 equenti
271 1776 350 1854 apud
363 1777 552 1844 Chaeroneam
567 1777 677 1856 ingenti
690 1777 794 1855 praelio
805 1774 896 1847 vicit,
909 1778 1075 1857 iterumque
1087 1779 1167 1857 apud

127 1872 344 1932 Orchomenum
361 1895 427 1933 eum
448 1876 612 1954 superavit,
635 1887 728 1932 totum
752 1892 835 1952 paene
855 1875 1017 1933 exereitum
1036 1875 1161 1946 delevit,

127 1983 280 2050 astraque
297 1971 362 2048 q'us
384 1971 569 2050 expugnavit.
591 1975 693 2048 ltaque
716 1970 833 2028 taudem
857 1971 1044 2031 Mithridates
1065 1989 1166 2051 paoem

127 2063 206 2124 duris
222 2064 443 2126 conditionibus
459 2065 515 2125 sibi
530 2084 547 2125 a
561 2068 673 2125 victora
694 2068 838 2144 impositis
862 2069 958 2126 faeere
976 2082 1097 2128 coactus
1113 2083 1166 2129 est.

128 2162 236 2222 llellum
249 2170 392 2224 tamenL
404 2162 533 2224 Licinius
547 2170 680 2235 Murena,
689 2165 739 2223 sed
755 2182 858 2243 parum
876 2163 952 2224 seliei
964 2184 1109 2241 sttceeaau,
1121 2189 1167 2226 re-

128 2262 254 2334 novavit,
266 2280 326 2320 non
340 2263 379 2320 ita
391 2263 484 2321 multo
497 2276 565 2341 post
577 2281 594 2320 a
608 2264 687 2321 Sulla
699 2275 861 2322 revocatus
870 2264 952 2321 ldetu
952 2265 1071 2352 deinde
1081 2285 1167 2360 aeqqe
1186 2299 1193 2337 5
1246 2270 1252 2278 '
1266 2284 1283 2340 ,2
1298 2330 1303 2335 ,

127 2378 160 2415 ac
173 2359 254 2416 Sulla
266 2359 306 2417 de
315 2357 487 2418 Mithridate
500 2360 700 2438 triumphavit.
713 2365 817 2418 Postea
830 2332 1106 2463 quua'piqqtaihe'npo
1120 2381 1165 2420 re
1247 2366 1256 2404 ῖ
1272 2354 1280 2363 ”

128 2454 539 2532 gisllicomedisliithyniaiu
561 2456 699 2516 ditionem
717 2445 916 2515 Rornanorum
938 2459 1097 2547 verussets
1090 2461 1164 2530 Μι-

129 2549 265 2610 thtidates
278 2553 397 2610 tertium
408 2551 549 2611 adversus
557 2573 609 2611 cos
623 2553 732 2613 belluni
746 2555 874 2633 suscepit
886 2574 932 2612 ιιι
943 2532 1020 2614 Uifi.
1021 2524 1113 2629 oili
1108 2556 1165 2614 foc·
1169 2601 1173 2607 ,

127 2646 239 2725 diisque
259 2666 326 2706 eum
342 2651 489 2717 Sertorio,
504 2663 566 2707 tum
585 2668 651 2708 ctam
669 2652 704 2709 iis
721 2651 751 2708 in
768 2651 909 2729 Hispania
923 2651 1176 2766 bellumgettgnte„

130 2744 249 2804 iniitL.
262 2746 392 2804 Licinius
404 2746 561 2805 Lucullus
552 2762 636 2805 tnttio
648 2764 714 2805 cunr
729 2748 849 2804 consule
861 2733 1051 2824 collegabi
1041 2733 1163 2806 Atuelio
1183 2744 1209 2787 ·‘
1223 2741 1239 2779 '·
1265 2734 1275 2774 ἶ

129 2845 219 2914 Cotta,
227 2857 331 2922 postea
344 2846 423 2904 solus
432 2845 540 2904 belluna
550 2864 616 2904 cum
628 2846 822 2904 Mithriditate
834 2846 984 2902 feliciter
967 2847 1063 2922 gessit,
1076 2865 1165 2921 reguo

131 2959 191 2996 eum
205 2941 334 3019 expulit,
345 2961 537 3020 socerumque
551 2942 613 3020 ojus
624 2944 777 3020 Tigranem
790 2943 936 3000 Armeniae
947 2960 1043 3018 regern
1054 2942 1166 3019 aliquot

131 3038 233 3112 praeliis
245 3039 326 3097 vicit.
343 3040 444 3098 Nihilo
463 3041 556 3098 secius
571 3040 770 3112 Mithridates,
790 3040 874 3098 novis
886 3039 979 3118 copiis
991 3041 1163 3111 contractis,

132 3139 251 3193 Pontum
264 3139 465 3215 recuperavit,
480 3142 513 3201 L,
527 3139 671 3209 Flaccum,
684 3158 772 3216 quem
784 3138 923 3202 laacullus
936 3137 967 3194 in
981 3141 1104 3195 Pontum
1118 3157 1163 3194 re-

132 3232 260 3309 liquerat,
272 3234 591 3310 fugavit,C.‘l'riarium
600 3236 714 3293 Luculli
723 3236 846 3313 legatum
858 3234 960 3312 praelio
969 3234 1048 3291 vicit.
1064 3236 1164 3311 Itaque

131 3346 172 3385 ιιι.
184 3335 220 3389 tt.
233 3335 268 3388 C.
284 3332 342 3389 686
361 3331 515 3410 imperium
532 3332 739 3411 proconsulare
752 3332 875 3390 Lucullo
889 3330 969 3408 quod
985 3349 1040 3408 per
1055 3343 1164 3408 septem

133 3443 219 3484 annos
231 3441 374 3504 gesserat,
390 3427 560 3509 abrogatum
573 3441 632 3502 est3
647 3430 808 3506 missusque
821 3429 932 3505 est,qui
945 3428 972 3484 ci
988 3427 1166 3499 antecederet,

132 3524 177 3578 Μ’.
189 3523 302 3581 Acilius
313 3523 449 3597 Glabrio,
463 3527 514 3604 qui
526 3544 563 3584 eo
579 3544 656 3584 auno
670 3544 736 3584 cunt
750 3528 783 3582 C.
797 3525 958 3602 Calpumio
975 3525 1078 3582 Pisone
1091 3544 1163 3581 cou—
1231 3603 1232 3607 ἵ

132 3620 252 3677 sulatum
263 3620 391 3698 gerebat.
400 3625 461 3694 Qui
471 3641 560 3700 quum
575 3623 645 3680 baie
657 3622 780 3700 imperio
795 3641 898 3700 parum
910 3635 996 3699 aptus
1004 3620 1163 3693 videretur,

132 3734 173 3772 aa.
184 3722 220 3776 ll.
234 3723 268 3776 C.
283 3720 351 3790 687,
367 3732 501 3798 utsupra
515 3720 625 3779 dictum
634 3732 694 3791 est,
706 3721 846 3778 Manilius
860 3719 994 3777 tribunus
1007 3718 1103 3796 plebis
1119 3720 1163 3776 le-

132 3832 190 3888 gem
206 3817 286 3881 tulit,
300 3830 330 3873 ut
342 3817 481 3893 Pompeio
495 3819 650 3896 imperium
664 3830 882 3896 prorogaretur,
900 3817 1028 3895 bellique
1045 3816 1164 3874 Mithri—

132 3907 216 3967 datici
227 3909 443 3971 administratio
457 3915 695 3975 committeretur.

170 4009 249 4066 lllum
266 4009 354 4085 igitur
367 4010 459 4086 legem
476 4030 614 4070 suasurus
630 4011 733 4069 Cicero
747 4010 824 4069 hauc
841 4012 1001 4069 orationem
1016 4009 1053 4068 ad
1071 4029 1162 4088 popu-

132 4105 186 4163 lum
202 4106 313 4165 habult.
