2670 5198
139 746 180 816 18
459 744 508 813 M.
534 744 573 811 T.
600 742 887 812 CICERONIS

181 874 243 941 vt.
267 872 410 958 Quare,
426 870 456 939 si
470 882 622 966 propter
635 868 754 937 socios
766 877 792 954 ¹,
812 865 912 939 nulia
924 869 994 967 ipsi
1008 868 1143 965 injuria
1154 870 1201 945 ia·

131 982 270 1066 censiti,
288 978 442 1072 majores
459 979 567 1049 vestri
589 1000 674 1049 cum
688 976 890 1064 Antiocho,
910 1002 995 1051 cum
1016 980 1203 1081 Phiiippo,

131 1115 218 1163 cum
235 1089 382 1176 AEtoiis,
401 1112 484 1161 cum
501 1089 622 1158 Poenis
640 1086 738 1158 bella
751 1103 964 1185 gesseruut:
988 1106 1204 1187 quantoros

131 1200 253 1273 studio
278 1200 467 1283 convenit,
487 1197 630 1291 injuriis
652 1212 888 1296 provocator,
909 1198 1095 1271 sociorum
1114 1202 1206 1273 salu·

132 1327 206 1383 tem
221 1336 292 1381 ima
306 1333 390 1382 cum
403 1310 547 1407 imperii
564 1308 675 1379 vestri
693 1307 870 1406 dignitate
882 1305 1102 1397 defendem
1118 1334 1205 1410 prae·

131 1422 255 1509 aertim
274 1442 390 1519 quum
412 1417 460 1490 de
480 1419 606 1490 vestris
625 1419 791 1490 maximis
804 1416 1042 1515 vectigalibus
1060 1420 1207 1519 agatur?

134 1536 225 1613 Nam
257 1546 461 1604 ceterarum
493 1530 764 1626 provinciarum
791 1528 999 1625 vectigalia,
1023 1531 1205 1620 Quirites,

131 1656 231 1713 tanta
252 1650 374 1725 sunt²,
398 1652 439 1709 ut
465 1639 509 1710 iis
534 1639 579 1711 ad
607 1641 704 1739 ipsas
727 1639 934 1737 provincias
954 1640 1129 1713 tutandas
1148 1642 1206 1711 rix

131 1755 295 1825 contenti
321 1774 400 1822 esse
422 1751 624 1846 possimus3
649 1750 731 1821 Asia
752 1774 840 1823 vero
861 1763 936 1821 tam
956 1753 1083 1851 opima
1100 1766 1157 1825 eet
1171 1766 1207 1825 et

131 1860 274 1949 fertilis,
285 1876 328 1933 ut
339 1875 376 1933 et
387 1859 555 1932 ubertate
569 1884 762 1958 agrorum,
777 1876 813 1931 et
824 1862 996 1934 varietate
1009 1861 1206 1950 fructtrum,

129 1988 166 2045 et
195 1972 445 2071 magnitudine
469 1973 665 2070 pastionis,
684 1985 723 2042 et
748 1972 985 2045 multitudine
1007 1998 1135 2047 earmu
1157 1998 1208 2048 re·

130 2108 235 2169 rum,
260 2106 342 2181 quoe
368 2096 623 2180 exportantur,
648 2079 753 2154 facile
783 2082 955 2155 omnibus
978 2086 1085 2158 terris
1110 2099 1207 2157 ante·

131 2195 246 2267 collat.
265 2200 393 2292 ltaque
408 2193 485 2264 hoec
496 2191 602 2263 vobis
616 2193 821 2290 provincia,
833 2193 1017 2285 Quirites,
1030 2196 1061 2265 si
1073 2208 1114 2266 et
1123 2192 1209 2267 betti

36 2316 43 2325 ‘
131 2306 323 2377 utilitatem
350 2321 387 2376 et
406 2305 506 2403 pacis
528 2302 741 2399 dignitatem
763 2306 944 2376 sustinere
958 2302 1109 2394 vuitia³,
1133 2330 1208 2377 uon

129 2416 242 2487 motio
263 2415 525 2497 acaiamitatc,
549 2411 612 2484 scd
634 2415 743 2484 etiam
766 2429 907 2486 ametu
930 2415 1210 2489 calamitatisest

129 2523 371 2597 defendenda.
393 2527 482 2595 Nam
504 2527 635 2596 ceteris
657 2524 696 2594 in
716 2523 845 2614 rebus,
867 2550 986 2622 quum
1003 2529 1106 2598 venit
1122 2526 1209 2601 mla·

131 2640 256 2722 mitas,
278 2649 357 2705 tum
374 2634 633 2707 detrimentum
651 2636 845 2735 accipitur3
864 2651 901 2707 at
911 2637 953 2715 ‚in
973 2637 1211 2736 vectigalibus

131 2772 208 2818 nou
230 2746 349 2819 solum
372 2746 549 2818 adventus
574 2745 682 2830 maii,
705 2746 894 2819 sedetiam
921 2762 1041 2818 metus
1063 2749 1144 2847 ipse
1162 2746 1212 2820 af·

130 2856 203 2930 fert
236 2857 486 2929 calamitatem.
520 2861 610 2927 Nam
644 2880 759 2954 quum
795 2858 957 2929 hostium
984 2860 1099 2956 copiae
1134 2884 1211 2931 non

133 2970 240 3066 longe
262 2966 414 3054 abeunt,
435 2968 575 3038 etiamsi
593 2969 749 3067 irruptio
770 2968 864 3040 facta
883 2969 984 3041 nulla
1002 2973 1067 3057 sit,
1088 2983 1213 3042 tamen

131 3102 263 3175 pecora
284 3077 557 3175 relinquuntur,
580 3080 801 3177 agricultura
822 3078 1014 3165 deseritur,
1035 3094 1213 3152 mercato

133 3214 212 3261 rum
238 3191 419 3288 navigatio
443 3187 705 3286 conquiesciti.
729 3196 783 3260 lta
804 3213 926 3286 neque
945 3213 991 3259 ex
1006 3203 1216 3288 portu,ne

168 3463 214 3508 vt.
224 3457 443 3523 1.Pmptersocior.
450 3459 512 3506 Cum
523 3457 649 3506 Antiocho
694 3467 731 3505 eta
740 3474 796 3506 cum
810 3459 907 3524 tegibus
921 3457 1052 3524 Philippo,
1066 3459 1216 3524 huncine,

132 3556 189 3603 rege
202 3541 294 3603 syriae,
304 3540 358 3600 qni,
368 3554 424 3585 cum
433 3536 520 3584 AEtolir
534 3538 650 3585 societate
695 3539 797 3587 Perre».

135 3617 651 3677 sectr,Graeriaecivitrtert‘oederatarvexr-
732 3633 758 3666 a.
783 3620 861 3665 Tanta
883 3629 956 3677 suut,
971 3633 1018 3681 pro
1036 3629 1107 3667 «tam
1119 3637 1215 3686 pnn'e,

135 3701 191 3757 but,
206 3711 230 3747 et
244 3699 420 3763 Lyrituachium
435 3697 520 3745 urbem
534 3699 560 3744 in
578 3696 651 3745 litore
696 3707 745 3745 tam
756 3697 841 3761 exigun
861 3708 945 3745 eunt».

134 3780 240 3828 Thracio
253 3779 357 3843 positam
372 3777 511 3841 repetebam
525 3792 580 3823 cum
594 3777 651 3823 Phi·
732 3778 757 3824 3.
770 3777 834 3826 eod.
848 3776 1006 3837 Werdenria,
1023 3776 1045 3824 st'
1062 3778 1099 3826 ad
1109 3778 1169 3826 betti
1179 3791 1213 3829 ut.

135 3860 206 3923 lippo
218 3856 370 3905 Macedoniae
386 3871 441 3919 rege
450 3890 457 3912 ,
466 3855 534 3919 quod
543 3855 651 3903 Athenae
696 3866 721 3903 et
728 3872 754 3919 p.
764 3855 788 3902 d.
798 3856 901 3903 rotinere
910 3856 993 3905 urdris.
1004 3856 1044 3904 Sic
1053 3858 1115 3907 Lali.
1123 3859 1215 3909 Sensus

134 3940 257 3985 sociorum
267 3934 351 3983 urbem
359 3934 496 3995 obrideret3
507 3951 562 3983 cum
570 3935 652 3982 Poenis
696 3947 731 3983 eet
748 3949 755 3983 :
781 3936 807 3982 Si
821 3936 895 3983 vultis
912 3937 976 3983 hanc
991 3938 1166 4000 provinciam,
1182 3956 1215 3988 ex

138 4017 164 4065 1⁰
173 4016 242 4081 quod
251 4014 382 4073 ,societate
393 4029 450 4060 curn
460 4015 568 4062 Hierone
579 4016 653 4077 Syra·
696 4032 744 4079 qua
750 4025 860 4080 tempore
871 4016 928 4064 belli
940 4028 1006 4065 tante
1013 4018 1215 4082 percipitiecom-

135 4111 246 4144 curarum
253 4093 654 4159 tyrannosacteMemnemfoede·
696 4095 770 4143 mode
779 4129 786 4152 ,
795 4107 820 4143 et
831 4112 886 4160 quae
896 4097 968 4144 vobis
981 4107 1092 4161 tempore
1101 4100 1170 4164 pecie
1178 4109 1215 4147 eet

135 4188 210 4224 ratum
218 4174 303 4221 urbem
314 4172 504 4237 oppugnabant3
516 4173 543 4220 2⁰
550 4186 652 4237 propter
696 4187 857 4234 ornamento,
869 4187 917 4224 etc.

133 4257 277 4317 Saguntum.
285 4253 433 4316 Temporum
444 4263 525 4301 eutem
535 4253 597 4301 ratio
608 4269 652 4318 po·
733 4265 758 4310 4.
772 4258 878 4303 Perora.
889 4289 914 4302 ..
928 4255 1094 4322 agricrtlrnra.
1106 4292 1112 4304 .
1124 4294 1130 4305 .
1148 4255 1214 4305 nari·

134 4331 375 4391 etniureridebetur,
396 4332 465 4395 priua
477 4344 505 4380 ut
524 4333 651 4397 Philippoi
693 4334 773 4399 gneio.
794 4336 888 4383 Genera
908 4335 1063 4399 vectigalium
1084 4338 1131 4385 tria
1145 4352 1212 4386 cum·

135 4430 208 4477 qrtam
216 4412 354 4461 Antiochus
361 4411 574 4472 nominaretur;ut
581 4415 649 4461 Orat.
696 4413 783 4478 plexus
795 4425 854 4462 eat:
873 4413 1035 4477 scripturam,
1051 4432 1108 4480 que
1122 4433 1154 4464 ex
1169 4431 1211 4481 pt·

133 4497 158 4543 11
172 4490 526 4554 tunulum-Mummio.
536 4491 650 4556 bellage·
696 4493 777 4552 souin
804 4493 933 4552 decumas,
951 4509 1007 4559 quae
1026 4496 1212 4553 exfrumento,
1245 4530 1249 4535 -
