2670 5198
22 29 1248 332 -Ι

130 743 177 829 54
451 743 501 812 Μ.
526 744 564 811 r.
593 741 892 837 emenonis

128 867 235 938 istam
255 878 355 936 tuam
377 878 415 936 et
438 863 573 960 legem,
598 876 637 934 et
655 862 900 952 voluntatem,
929 879 968 937 et
994 869 1213 940 sententiam

131 975 262 1063 laudo,
279 974 671 1072 vehementissimeque
682 974 908 1074 comprobo;
927 975 1059 1050 deinde
1080 992 1117 1050 te
1132 977 1215 1050 hor·

134 1101 212 1174 tor,
229 1099 288 1173 ut,
303 1095 475 1163 auctore²
495 1084 636 1183 populo
654 1109 828 1173 romano,
845 1111 992 1161 maneas
1007 1089 1047 1159 in
1066 1105 1215 1162 senten·

136 1198 204 1284 tia,
225 1219 317 1269 neve
334 1196 551 1292 cujusquam
566 1195 641 1265 vim
659 1209 723 1266 aut
741 1197 857 1267 minas
875 1199 1121 1296 pertimescas.
1143 1201 1217 1269 Pri·

136 1330 240 1377 mum
258 1309 297 1383 in
313 1321 351 1378 te
364 1309 448 1378 satis
461 1331 538 1380 esse
552 1306 663 1379 animi
680 1307 1029 1406 perseverantiaque
1040 1307 1218 1396 arbitron

138 1416 270 1498 deinde
288 1442 403 1514 quum
425 1431 563 1489 tantam
585 1415 856 1489 multitudinem
870 1440 956 1488 cnm
976 1431 1080 1490 tanto
1095 1418 1219 1490 studio

136 1527 265 1599 adesse
291 1527 500 1616 videamus,
526 1522 727 1625 quantam³
754 1551 855 1598 nunc
876 1529 1010 1600 iterum
1028 1529 1067 1600 in
1089 1526 1219 1601 eodem

140 1637 291 1710 homine
309 1635 541 1735 preficiendo
561 1635 747 1724 videmus,
773 1635 865 1733 quid
883 1652 953 1728 est,
972 1636 1076 1735 quod
1093 1651 1159 1710 aut
1176 1638 1221 1709 de

110 1828 112 1832 ¹
141 1748 290 1838 retent
306 1746 352 1819 de
369 1744 582 1845 perficiendi
602 1743 773 1819 facultate
798 1744 1031 1819 dubitemus?
1053 1753 1133 1845 Ego
1158 1772 1224 1820 au·

145 1875 237 1945 tem,
255 1856 436 1956 quidquid
452 1857 491 1927 in
513 1879 573 1929 me
594 1869 648 1927 est
667 1853 798 1942 studii,
817 1855 976 1944 consilii,
993 1853 1146 1939 laboris,
1168 1855 1223 1924 in·

143 1971 258 2068 genii,
284 1964 464 2065 quidquid
488 1964 560 2038 hoc
577 1963 759 2037 beneficio
776 1966 905 2064 populi
924 1966 1084 2054 romani,
1114 1978 1225 2062 atque

147 2080 216 2153 hac
243 2092 421 2178 potestate
448 2077 636 2176 praetoria,
664 2075 846 2174 quidquid
873 2079 1106 2166 auctoritate,
1132 2074 1225 2161 fide,

149 2192 353 2266 constantia
373 2214 545 2288 possum;
565 2187 602 2261 id
621 2211 731 2260 omne
751 2185 910 2258 adhunc
928 2211 1005 2257 rern
1026 2184 1226 2258 conficien-

152 2302 256 2388 dam,
277 2299 344 2374 tibi
361 2314 399 2372 et
416 2301 557 2397 populo
575 2322 728 2370 romano
747 2298 925 2394 polliceor
944 2323 987 2370 ac
1010 2296 1159 2370 defero:
1175 2311 1227 2368 te·

47 2491 55 2500 ‚
154 2426 306 2508 storquo¹
323 2433 453 2481 omnes
474 2407 583 2496 deos,
610 2423 647 2479 et
660 2432 722 2479 eos
747 2409 925 2498 maxime,
950 2410 1015 2506 qui
1042 2407 1130 2479 huic
1147 2407 1230 2478 loco

153 2521 366 2618 temploque
397 2517 611 2616 prandent,
636 2518 700 2615 qui
724 2521 890 2590 omnium
917 2533 1059 2591 mentes
1082 2542 1231 2602 eorum,

153 2636 216 2730 qui
231 2630 276 2702 ad
290 2628 554 2726 rempublicam
569 2628 723 2713 adeunt,
744 2632 898 2700 maxime
913 2632 1154 2728 perspiciunt,
1174 2654 1231 2698 me

155 2744 227 2820 hoc
244 2766 364 2838 neque
384 2754 511 2837 rogatu
530 2738 647 2811 facere
673 2740 905 2837 cujusquam,
922 2766 1043 2838 neque
1067 2765 1144 2837 quo
1166 2744 1229 2811 Cn.

155 2853 317 2950 Pompeii
336 2852 487 2948 gratiam
505 2850 594 2921 mihi
611 2875 676 2946 per
697 2850 791 2921 hanc
805 2875 948 2922 causam
968 2852 1154 2922 conciliari
1170 2876 1233 2948 pu·

157 2981 248 3049 tem,
264 2987 385 3059 neque
404 2987 479 3059 quo
502 2961 650 3031 mihies
668 2962 884 3059 cujusquam
898 2961 1153 3059 amplitudine,
1174 2975 1235 3031 aut

158 3071 323 3172 praesidia
336 3071 518 3169 periculis,
529 3086 590 3143 aut
604 3070 812 3167 adjumenta
823 3068 1048 3142 honoribus⁵
1059 3097 1233 3168 quaram:

159 3198 352 3280 propterea
369 3180 469 3278 quod
489 3181 647 3279 pericula
665 3180 790 3270 facile,¹
807 3197 847 3252 ut
861 3182 1047 3252 hominem
1068 3198 1236 3279 praestaro

160 3308 322 3392 oportet,
340 3293 548 3363 innocentia
570 3295 655 3362 tecti
676 3293 912 3390 repellemus;
935 3293 1096 3363 honores
1115 3308 1237 3364 autem

161 3429 282 3500 neque
301 3401 347 3473 ab
366 3429 462 3489 uno,
482 3426 602 3498 neque
621 3426 666 3473 ex
684 3401 753 3474 boc
772 3402 872 3490 loc0‚
892 3404 954 3475 sed
969 3403 1095 3475 eadem
1114 3419 1238 3474 nostra

161 3586 240 3622 saturn
252 3572 312 3620 dicit
327 3573 418 3619 Acron.
431 3573 457 3620 in
470 3572 569 3620 Cornel.
579 3599 614 3608 -
628 3575 679 3619 Vo-
761 3574 785 3621 5.
805 3577 909 3622 Testor...
926 3574 1058 3622 honoribus
1069 3591 1190 3637 qrroeram.
1204 3577 1239 3621 lle

163 3655 291 3704 luntatem.
311 3656 366 3700 Hoc
381 3651 451 3709 loco,
467 3651 605 3700 consilium.
724 3653 806 3701 Tullio
819 3654 877 3718 qnid
889 3655 1061 3718 opinabimur?
1071 3657 1181 3702 Tantane
1196 3656 1239 3702 suit

201 3747 223 3780 ι.
232 3735 350 3779 Auctore.
359 3732 501 3778 Defensore.
725 3745 810 3796 captus
821 3734 942 3782 dementia
952 3769 959 3791 ‚
972 3745 999 3781 ut
1010 3744 1097 3797 sponte
1107 3734 1240 3798 rempubli-

200 3814 223 3861 3.
235 3812 419 3860 Graecum.
432 3811 604 3868 Olim‚nort...
614 3809 682 3858 vidi·
726 3829 777 3859 cam
799 3815 841 3860 uni
866 3815 919 3860 viro
940 3815 1109 3861 submitteret?
1124 3819 1175 3862 Aut
1190 3832 1240 3863 tna·

164 3909 225 3940 ntus.
241 3891 289 3939 Sed
310 3892 454 3953 interpolata
476 3890 528 3937 haec
546 3905 598 3936 esse
618 3889 682 3936 idem
727 3893 1241 3957 gnatibusitnnelnitinscnsus,utpatriarn

166 3988 218 4020 non
231 3970 281 4019 sine
296 3988 367 4018 causa
381 3972 524 4035 suspicatur.
534 3971 560 4017 J.
573 3971 604 4015 V.
619 3971 682 4016 L.-
728 3972 861 4019 inimicitiis
884 3972 1063 4036 posthaberet?
1085 3972 1171 4035 Culpa:
1194 3988 1242 4021 sure

165 4049 335 4112 Prmficr'endo.
348 4051 488 4107 Exercdui,
503 4048 576 4096 bello.
728 4051 865 4114 suppuduit
884 4062 934 4098 tum
952 4067 1028 4114 quum
1048 4050 1156 4098 levitatis
1171 4062 1243 4098 tantae

200 4138 226 4185 a.
242 4132 279 4177 De
290 4146 322 4176 re.
338 4131 373 4176 De
388 4140 456 4175 tanto
467 4131 522 4176 viro
542 4126 681 4189 deligendo.
728 4131 780 4193 ipse
799 4148 882 4194 poenas
901 4131 990 4186 lueret,
1013 4141 1038 4176 et
1052 4130 1113 4175 salso
1131 4130 1199 4177 illam
1213 4130 1242 4177 ad

163 4213 244 4257 -De
255 4209 400 4277 perficiendi
403 4208 542 4271 facultate.
553 4210 636 4270 Quum
651 4223 682 4253 ex
728 4211 840 4259 tribunos
853 4211 974 4272 relegavit.
988 4209 1097 4273 Philipp.
1111 4212 1195 4267 x1‚c.
1210 4213 1242 4257 8:

164 4307 256 4337 summa
267 4291 353 4354 populi
362 4290 456 4336 romani
465 4289 682 4352 frequentimsum·
727 4292 787 4336 «Do
807 4287 856 4338 Cn.
877 4290 989 4353 Pompeii
1011 4289 1133 4354 imperiis,
1155 4291 1242 4337 summi

162 4384 252 4432 uroque
266 4371 318 4429 ejus
330 4369 425 4425 studio,
439 4369 499 4432 quid
518 4369 547 4416 tle
566 4367 680 4430 promul·
726 4369 785 4426 viri,
799 4379 871 4431 atquc
881 4368 990 4415 omnium
1004 4369 1138 4432 principis,
1151 4368 1244 4417 tribuni

162 4459 214 4513 gata
224 4447 276 4513 lege
288 4449 392 4508 aestuat,
405 4449 476 4496 facilc
490 4453 661 4513 cognoscatur.
726 4448 805 4511 plebis
816 4446 949 4496 turbulenti
962 4448 1070 4496 tulerunt
1078 4470 1100 4493 ιι.
