2670 5198
273 352 478 426 ORATIO
502 356 609 425 PRO
635 354 776 457 LEGE
801 354 1044 425 MANILIA.
1153 357 1200 431 23

81 532 84 569 ,
139 492 197 550 tun
213 499 293 550 esse
311 491 424 574 atque
440 475 668 575 depressam
687 498 836 571 magnas
852 475 1013 548 hostium
1028 492 1202 574 proterea

81 580 83 589 ’
137 588 246 685 copias
282 587 408 659 multis
441 586 571 685 praeliis
597 611 675 659 esse
707 573 871 673 deletas,
906 585 1202 686 patefactumque

136 701 257 772 uostris
289 693 522 794 legionibus⁶
550 721 627 769 esse
657 701 834 784 Pontum,
860 698 1034 796 quiante
1061 699 1202 796 populo

134 831 280 879 romano
298 832 344 879 ex
365 808 468 879 omui
488 805 590 879 aditu
608 807 750 880 clausus
767 821 881 896 esset;
905 810 1068 906 Sinopen
1090 822 1202 907 atquo

132 920 310 1004 Amisum,
336 915 473 1013 quibus
504 918 543 990 in
574 917 721 1015 oppidis
747 932 849 989 erant
877 916 1059 991 domicilia
1084 921 1202 1016 regis,

133 1024 300 1098 omnibus
333 1025 446 1099 rebus
480 1041 611 1100 ornata
646 1041 757 1126 atque
793 1024 953 1115 referta,
989 1042 1201 1128 ceterasque

132 1135 235 1208 mbes
259 1139 366 1208 Ponti
391 1152 430 1210 et
453 1137 690 1236 Cappadociae
707 1137 921 1236 permultas,
939 1164 1014 1210 uno
1031 1138 1132 1211 aditu
1149 1155 1201 1213 at·

132 1271 198 1343 que
228 1246 392 1320 adventu
418 1272 497 1320 esse
526 1263 670 1346 captas3
705 1272 828 1346 regem
863 1248 1059 1348 spoliatum
1085 1275 1201 1348 regno

133 1357 245 1454 patrio
277 1372 388 1454 atque
411 1361 528 1446 avitu,
562 1358 608 1430 ad
632 1359 722 1431 alios
753 1384 792 1431 se
821 1372 947 1457 reges⁷
977 1374 1088 1457 utque
1115 1360 1202 1433 alias

133 1480 254 1564 gentes
269 1469 473 1567 supplicem
494 1470 711 1558 contulisse;
726 1484 838 1567 atque
852 1468 928 1542 haec
941 1474 1082 1557 omnia,
1096 1469 1202 1541 salvis

134 1577 258 1675 populi
284 1581 429 1651 romani
460 1582 587 1668 sociis,
620 1595 732 1678 attme
764 1582 915 1678 integris
947 1579 1200 1677 vectigalibus,

135 1711 206 1759 esse
227 1702 339 1786 gestu.
364 1691 455 1762 Satis
479 1692 612 1790 opinor
636 1690 708 1761 hoc
735 1715 812 1761 esse
838 1689 973 1777 laudis3
999 1704 1109 1786 atque
1131 1691 1201 1775 ita,

135 1797 311 1889 Quirites,
340 1800 483 1873 oenoe
509 1825 574 1873 vos
598 1798 862 1895 intelligatis,a
887 1798 989 1870 nullo
1007 1801 1159 1869 istorum
1171 1793 1200 1881 ⁸,

134 1910 193 2004 qui
217 1908 305 1983 huic
330 1910 535 1984 obtrectant
563 1910 632 2009 legi
662 1924 772 2007 atque
797 1933 930 1998 causae,
951 1913 991 1980 L.
1007 1908 1202 1981 Lucullum

133 2017 295 2091 similiter
315 2045 361 2092 ex
381 2020 453 2099 hoc
473 2020 555 2093 loco
573 2045 649 2091 esse
669 2019 864 2091 laudatum.

180 2135 242 2203 tx.
282 2133 504 2228 Requiretur
538 2128 689 2203 sortasse
719 2155 837 2218 nunc,
869 2127 1201 2227 quemadmodum,

133 2268 245 2341 quum
264 2241 342 2312 haec
359 2243 409 2313 itu
436 2246 530 2329 sint,
562 2241 744 2338 reliquum
776 2245 890 2339 possit
923 2265 1000 2312 esse
1027 2265 1199 2338 magnum

132 2350 279 2423 bellum.
308 2353 545 2447 cognoscite,
572 2352 763 2441 Quirites:
793 2376 870 2423 non
898 2348 1097 2439 enimhoc
1122 2353 1199 2422 sine

132 2486 235 2534 causa
258 2461 372 2559 quaeri
393 2460 547 2532 videtur.
574 2465 735 2532 Primum
763 2487 808 2532 ex
829 2487 897 2532 suo
924 2486 1036 2559 regno
1060 2462 1110 2532 sic
1129 2463 1198 2530 Mi-

131 2571 303 2645 thridates
330 2566 509 2668 profugit,
541 2586 583 2643 ut
613 2596 658 2643 ex
685 2570 813 2644 eodem
839 2577 957 2644 Ponto
985 2571 1113 2642 Medea
1139 2571 1201 2641 illa

130 2742 166 2791 H.
176 2744 284 2800 Varum,
300 2739 402 2788 Sertorli
414 2738 642 2805 legomm,Mithri·
685 2754 712 2791 ut
731 2759 782 2790 non
800 2744 879 2791 solum
896 2742 938 2790 hic
956 2743 1058 2805 Cicero,
1073 2742 1116 2790 sed
1135 2753 1160 2791 ot
1173 2742 1200 2789 ln

129 2819 382 2885 dures‚utAppianm
388 2819 642 2887 scribit‚praelecerst,
685 2822 795 2870 oratione
809 2839 855 2886 pro
867 2823 970 2869 Murena
984 2822 1065 2871 docet.

128 2899 198 2964 sique
210 2898 380 2948 Alenudrum
400 2900 528 2962 quemdum
537 2900 642 2966 Paphla·
721 2901 747 2949 6.
771 2897 976 2964 Ραεςίαοιηιηᾳυε
989 2899 1076 2946 nostris
1098 2898 1200 2965 legioni-

127 2978 239 3043 gonium,
250 2987 277 3026 et
288 2977 438 3042 Dionysium
446 2980 583 3028 eunuchum
597 2979 641 3027 ud·
687 2980 738 3030 bur.
749 2983 842 3045 Fugato
856 2995 912 3044 rege
922 2988 945 3027 et
954 2978 982 3025 in
992 2978 1132 3027 Armeniam
1141 2994 1200 3043 pro·

125 3057 248 3119 iunxerat.
265 3057 412 3106 Plutarchus
430 3067 511 3106 notem
534 3059 641 3108 Marium
686 3059 764 3120 lecto,
785 3058 915 3117 Lucullus,
928 3058 1051 3106 maritimo
1074 3058 1160 3106 itinere
1172 3058 1199 3106 in

128 3138 250 3196 uomiurt,
260 3136 364 3184 Sertorii
377 3136 642 3206 legatum,lrtpo'pduit·
686 3140 792 3188 Pontum
806 3139 944 3202 proiectus,
959 3154 1044 3186 omnes
1058 3138 1107 3185 fere
1125 3136 1199 3185 nrbes

127 3232 185 3283 pos,
197 3231 273 3280 quem
290 3215 317 3263 in
329 3231 360 3263 eo
372 3214 438 3263 bello
453 3227 550 3281 eupturu
569 3218 642 3266 fuisse
687 3219 829 3284 occupavit,
841 3219 868 3265 iu
884 3217 923 3265 his
941 3218 1072 3265 Amestrim
1085 3227 1110 3265 et
1123 3218 1199 3265 liern-

127 3305 236 3344 testatur.
243 3294 352 3343 Primum
366 3294 477 3359 prelium
487 3297 642 3344 commissum
687 3298 779 3358 oleam,
798 3298 908 3361 Sinopen
921 3307 945 3344 et
963 3296 1090 3354 Amisum,
1103 3307 1127 3344 et
1141 3295 1199 3345 inde

128 3375 175 3422 luit
186 3375 252 3421 inter
262 3373 391 3422 Tenedum
402 3385 426 3421 et
436 3373 584 3422 Achaeorum
595 3385 642 3423 sta·
687 3387 766 3425 tantas
775 3375 930 3424 coacervavit
937 3377 1067 3438 pecunius,
1076 3385 1103 3422 ut
1114 3385 1200 3439 postes

127 3455 235 3514 tionem,
248 3453 278 3501 in
289 3469 340 3519 quo
360 3463 438 3516 csptae
455 3463 512 3500 sunt
524 3453 642 3502 tredecim
687 3456 854 3504 Romanorum
884 3454 994 3518 ipsorum
1014 3453 1198 3502 admirationem

127 3548 201 3581 nares
213 3531 326 3592 bellice,
338 3531 468 3580 interiecto
482 3547 566 3580 eorum
581 3533 643 3582 duce
686 3534 851 3598 invidiamque
862 3533 926 3580 sustu
938 3533 1007 3596 regio
1016 3532 1126 3597 prirntns
1135 3548 1200 3581 eom·

126 3612 236 3671 Isidoro,
250 3611 295 3676 qni
304 3627 345 3659 ess
354 3611 424 3659 classi
436 3613 515 3675 regis,
529 3628 584 3676 quae
598 3600 642 3661 Le·
687 3616 800 3662 moverit.

127 3692 179 3740 mni
195 3702 263 3751 erat,
283 3689 384 3739 volebat
401 3689 541 3753 adjungere.
555 3694 641 3741 Postea
723 3710 747 3754 7.
760 3692 802 3740 Ad
814 3692 877 3739 alios
891 3707 965 3756 reges.
977 3689 1017 3737 Ad
1033 3706 1148 3754 generum
1156 3692 1201 3738 Ti·

128 3782 152 3818 et
164 3771 216 3836 ipss
233 3773 300 3836 regia
320 3770 417 3827 classis,
438 3771 470 3816 50
483 3771 587 3819 navibus
600 3790 643 3821 nu·
688 3789 800 3838 grauem,
813 3771 936 3819 Armeniae
951 3787 1038 3833 regem.

128 3865 206 3909 mero,
218 3851 250 3899 sd
271 3854 392 3899 Lemnum
406 3848 452 3896 fuit
470 3850 555 3910 victu,
569 3851 643 3900 duces
725 3853 749 3899 8.
763 3855 877 3900 istorum.
889 3851 1001 3899 Catulum
1010 3862 1035 3898 et
1041 3851 1200 3898 Hortensium

126 3929 179 3989 ejus
190 3931 269 3994 eapti,
289 3931 356 3976 inter
374 3942 436 3991 quos
453 3929 500 3977 luit
512 3931 540 3976 L.
555 3931 643 3979 Varius
687 3936 811 3998 praecipue
832 3931 970 3996 significat,
985 3932 1028 3996 qui
1042 3929 1145 3977 Lucullo
1164 3930 1201 3976 lu·

128 4006 262 4073 (l’lutarch.
279 4007 387 4073 Varus).
397 4009 458 4055 Sane
468 4007 530 4055 hunc
544 4009 643 4060 classem
687 4011 778 4060 rebant
786 4024 809 4059 et
819 4028 878 4059 eum
888 4028 918 4059 ex
926 4013 1021 4059 Rostris
1030 4009 1201 4068 laudaverant,

128 4086 234 4137 voluisre'
243 4088 346 4139 Iulium
359 4097 441 4152 petere
450 4088 577 4151 cognitum
590 4103 643 4152 est,
687 4092 764 4157 legem
779 4090 945 4139 dissuadentes
957 4089 1093 4139 Manilium.
