2670 5198
131 722 180 793 30
288 778 292 785 .
453 682 910 792 timuissemus

130 847 339 943 Hispaniam
352 844 422 917 iter
436 843 625 915 Gallorum
638 845 893 914 internecione
902 840 1124 940 patefactum
1136 860 1206 934 est,

131 957 230 1029 testis
250 968 305 1026 est
321 954 492 1051 Hispania
503 963 529 1042 ⁷,
555 978 638 1051 quae
660 953 853 1051 saepissime
876 953 1054 1050 plurimos
1079 955 1209 1031 hostes

130 1066 176 1138 ab
195 1065 270 1157 ,hoc
291 1079 478 1162 superatos
500 1077 774 1162 prostratosque
800 1066 1010 1162 conspexit3
1032 1068 1137 1137 testis
1155 1082 1210 1140 est

130 1171 288 1250 iterum⁸
320 1189 358 1247 et
381 1176 511 1274 saepius
542 1174 665 1265 Italia,
694 1199 795 1272 quae,
823 1198 938 1271 quum
962 1174 1083 1245 servili
1110 1174 1210 1250 bello

131 1303 224 1359 tetro
243 1284 522 1386 periculosoque
543 1299 783 1381 premeretur,
797 1282 845 1354 ab
862 1283 935 1355 hoc
951 1284 1129 1357 auxilium
1148 1284 1211 1358 ab·

131 1413 233 1472 sente
252 1396 447 1495 expetivit:
466 1394 568 1492 quod
588 1393 725 1466 bellum
749 1393 1021 1491 exspectatione
1045 1397 1209 1494 Pompeii

128 1522 357 1581 attenuatum
373 1518 484 1603 atque
500 1505 735 1576 imminutum
755 1519 824 1592 est,
842 1503 1006 1576 adventu
1021 1503 1210 1578 sublatum

131 1649 172 1697 ac
197 1622 394 1723 sepultum.
427 1625 551 1695 Testes
578 1646 667 1692 vero
694 1621 769 1715 jam
801 1642 932 1692 omnes
956 1631 1069 1707 orae9,
1097 1636 1209 1718 atque

131 1759 258 1808 omnes
295 1744 426 1806 exterae
459 1744 585 1828 gentes
612 1755 654 1802 ac
684 1732 872 1819 nationes,
902 1729 1210 1827 denique-maria

128 1845 274 1932 omnia,
294 1854 374 1913 tum
388 1842 576 1926 universa,
595 1855 674 1912 tum
693 1851 724 1885 ¹⁰
738 1840 776 1911 in
793 1839 944 1938 singulis
960 1864 1089 1913 omnes
1105 1842 1210 1915 sinus

130 1970 241 2052 atque
270 1966 408 2051 portus.
441 1950 532 2043 Quis
562 1954 659 2022 enim
689 1963 770 2021 toto
800 1952 891 2047 mari
917 1943 1020 2022 locus
1042 1974 1112 2048 per
1140 1952 1210 2024 hos

130 2086 248 2136 annos
272 2075 336 2135 aut
360 2075 432 2132 tam
458 2059 606 2135 finnum
632 2057 762 2132 habuit
787 2059 1020 2158 presidium,
1040 2075 1085 2131 ut
1106 2075 1210 2135 tutus

132 2188 243 2260 esset,
270 2187 335 2244 aut
359 2185 434 2241 tam
462 2168 531 2242 fuit
558 2169 723 2255 abditus,
751 2185 794 2242 ut
821 2170 972 2242 lateret?
997 2171 1090 2259 Quis
1113 2175 1211 2244 navi·

131 2285 247 2383 gavit,
266 2284 332 2381 qui
354 2305 432 2352 non
451 2305 489 2352 se
510 2296 576 2352 aut
592 2284 739 2367 mortis,
762 2296 825 2353 aut
842 2284 1025 2355 servitutis
1042 2282 1210 2379 periculo

131 2397 393 2476 committeret,
421 2414 536 2488 quum
561 2404 624 2461 aut
652 2389 791 2476 hieme,
820 2406 883 2463 aut
904 2389 1040 2463 referto
1062 2392 1210 2490 praedo·

132 2527 221 2575 num
236 2502 326 2573 mari
341 2500 549 2597 navigaret?
564 2504 642 2571 Hoc
660 2515 802 2573 tantum
816 2501 975 2590 bellum,
994 2516 1068 2572 tam
1080 2517 1210 2602 turpe,

132 2630 205 2686 tam
223 2628 327 2685 vetus
342 2622 384 2699 ¹¹,
405 2626 478 2681 tam
491 2610 562 2681 late
577 2609 733 2681 divisum
752 2627 863 2710 atque
884 2611 1108 2710 dispersum,
1125 2618 1210 2711 quis

134 2748 309 2823 nmquam
330 2720 567 2793 arbitraretur
585 2736 649 2792 aut
664 2721 712 2793 ab
736 2723 909 2793 omnibus
927 2723 1210 2819 imperatoribus

131 2860 207 2905 tino
231 2856 349 2917 anno,
371 2846 433 2903 aut
459 2830 631 2902 omnibus
649 2834 797 2903 annis¹²
821 2832 867 2903 ab
888 2858 963 2904 uno
989 2834 1211 2931 imperatore

129 2943 258 3015 confici
288 2942 420 3040 posse?
444 2943 564 3032 Quam
585 2944 811 3040 provinciam
837 2944 1004 3015 tenuistis
1023 2969 1043 3014 a
1064 2945 1211 3043 praedo·

133 3107 259 3164 submovi,
281 3122 326 3172 per
347 3123 388 3154 ess
406 3106 453 3154 iter
473 3105 559 3165 aliud,
574 3117 647 3171 atque
692 3124 748 3155 nasu
763 3109 862 3157 Crassus
874 3109 923 3170 jam
941 3109 1033 3166 ra,3oo
1045 3109 1154 3159 hostium
1168 3129 1210 3160 ce-

133 3187 256 3239 liannibal
264 3222 272 3245 ,
280 3186 353 3235 nobis
359 3186 524 3252 opportunius
532 3188 647 3251 patefeci3
692 3188 801 3248 rideret,
812 3204 887 3251 quum
896 3190 1005 3252 Spartaci
1014 3189 1129 3252 reliquias
1139 3208 1210 3240 exer·

133 3270 214 3334 recepi
227 3267 346 3324 Galliam,
367 3270 513 3331 Pyrenaeum
521 3288 542 3316 ν.
557 3268 648 3315 Scribit
693 3269 756 3315 citus
770 3267 870 3325 obvias,
888 3267 986 3316 circiter
999 3269 1109 3332 quinque
1122 3271 1209 3329 millia,

133 3351 240 3406 ibimus,
261 3348 304 3396 lib.
318 3347 648 3396 Vll:·l¹.tstatimadsolis
692 3348 825 3396 trucidavit
852 3349 993 3411 Pompeius.
1021 3350 1087 3396 Hine
1111 3349 1153 3398 ille
1178 3350 1210 3398 ad

133 3445 247 3480 occasum
260 3426 555 3489 transgressus,exritatis
568 3427 593 3472 in
603 3427 649 3490 Py-
692 3439 803 3475 senatum
826 3427 941 3492 scripsit,
968 3429 1082 3477 Cretan
1104 3429 1132 3476 in
1159 3431 1211 3478 acie

132 3505 531 3570 reuoeotsopoeis,oppids876ab
542 3505 647 3568 Alpibus
692 3506 839 3570 gladiatores
858 3506 958 3570 quidem
977 3507 1086 3567 fudisse,
1103 3526 1129 3556 se
1150 3526 1211 3559 vero

133 3589 165 3638 ad
181 3586 242 3635 fines
256 3584 381 3649 Hispaniae
398 3584 520 3632 ulterioris
532 3584 558 3631 in
571 3583 647 3632 ditio·
692 3587 783 3635 bellum
796 3585 908 3634 funditus
921 3585 1039 3634 evellisse.

134 3682 190 3717 nem
199 3664 296 3713 redacta
307 3664 417 3710 victoriae
431 3679 481 3711 suoe
492 3662 647 3727 adscripsit».
729 3684 753 3731 9.
771 3669 859 3714 Omnes
873 3682 932 3714 oroe.
945 3667 1072 3714 Maritimo
1085 3666 1151 3716 bello
1164 3668 1210 3717 ad-

135 3751 164 3797 ln
175 3745 240 3794 libro
250 3754 330 3791 tamen
340 3743 413 3790 tertio
420 3777 427 3802 ‚
434 3744 514 3806 capite
523 3738 554 3790 de
564 3744 649 3806 Hispa·
692 3762 776 3795 versus
786 3747 876 3810 piratas
885 3757 941 3794 orto
952 3763 984 3793 ex
994 3747 1088 3796 Cilicia.

133 3829 173 3878 nia
188 3825 315 3880 citeriore,
330 3822 422 3886 oppida
438 3823 489 3876 846
503 3822 612 3886 legimus.
733 3824 1039 3887 10.Malequaedamed‹l.
1051 3849 1064 3868 α
1072 3827 1098 3872 in
1109 3826 1211 3892 singulis

170 3902 331 3969 7.Hispsnia.
340 3905 370 3949 In
380 3918 427 3966 qua
440 3901 573 3949 Sertorium
586 3914 649 3952 octa·
694 3905 743 3952 oris
753 3927 774 3952 n.
789 3906 815 3953 J.
827 3907 858 3950 V.
867 3907 897 3952 L.

132 3991 252 4050 rumiens
267 4000 358 4033 annum
372 3998 427 4031 cum
438 3982 534 4047 populo
548 3999 648 4032 mmano
733 4000 772 4032 rr.
790 3985 850 4030 Tam
863 3995 944 4032 vetus.
959 3984 1047 4030 Ortum
1062 3985 1153 4033 abhinc
1165 4003 1210 4033 an-

131 4072 224 4121 bellum
237 4075 359 4132 gerentem
370 4065 470 4114 devicit.
693 4064 731 4111 nis
742 4061 819 4111 tribus
831 4074 855 4110 et
869 4063 966 4126 viginti,
976 4065 1081 4111 Octavio
1092 4077 1118 4113 et
1130 4066 1209 4115 Cinna

170 4152 196 4199 8.
220 4150 321 4195 Iterum.
345 4143 418 4192 Civili
437 4143 503 4191 bello
525 4143 647 4208 primum,
692 4159 754 4192 coss.
764 4153 790 4192 et
799 4143 939 4191 conlectum
950 4144 998 4190 hoc
1010 4145 1066 4209 ipso
1075 4161 1152 4205 anno,
1164 4149 1210 4194 lae·

134 4228 224 4279 deinde
232 4224 322 4274 servili.
333 4251 366 4260 —
376 4222 509 4288 Expctivit.
521 4225 648 4282 Oratorie,
692 4223 753 4288 pido
766 4233 789 4270 et
802 4222 876 4270 Tullo
888 4237 950 4269 coss.

136 4310 250 4358 coniecto
259 4304 323 4354 enim
332 4299 487 4367 Hispaniensi
497 4302 649 4362 bello,1’oru·
732 4317 772 4350 ra.
787 4301 955 4349 Automnibus
964 4302 1043 4349 annis.
1051 4304 1145 4352 Bellum
1156 4321 1210 4368 spa·

135 4391 205 4456 peius
216 4390 242 4436 in
251 4385 346 4434 Italiam
358 4383 465 4440 redibat,
478 4398 530 4431 non
540 4383 647 4447 quodsh
693 4383 729 4431 tio
745 4381 819 4429 trium
837 4380 955 4428 mensium
974 4396 988 4427 a
1009 4383 1129 4448 Pompeio
1151 4400 1208 4432 con·

134 4486 166 4517 eo
176 4469 276 4518 absente
293 4461 411 4513 auxilium
425 4462 495 4512 Italia
513 4473 648 4528 expeteret,
694 4463 783 4510 lectum
797 4459 871 4510 tradit
882 4459 1034 4509 Plutarchus.
