2678 4800
205 292 250 411 se
526 341 575 408 ur.
602 341 640 406 Τ.
668 339 949 409 cressonis

202 463 401 562 plurimum
435 460 556 560 possit
587 460 831 532 Vehementer
862 476 983 532 autem
1012 461 1193 558 pertinere
1223 462 1272 533 ad

201 572 298 645 bella
319 569 618 657 administranda,
638 569 728 668 quid
750 571 892 658 hostes,
915 569 1005 669 quid
1025 572 1113 640 socii
1132 570 1178 641 de
1200 573 1271 640 im·

203 681 431 782 peratoribus
460 684 587 754 vestris
615 684 839 768 existiment,
865 683 947 778 quis
970 684 1129 776 ignorat,
1154 706 1272 778 quum

178 850 184 859 ,
203 796 374 879 sciamus,
392 791 557 863 homines
574 794 613 861 in
626 795 736 862 tantis
748 790 874 876 rebus,
889 806 932 862 ut
944 804 1006 862 aut
1022 806 1271 880 contemnant,

201 919 264 976 eut
287 917 472 989 metuant,
491 915 552 973 aut
570 900 730 988 oderint,
754 916 975 987 autument,
998 902 1172 998 opinione
1192 925 1270 971 non

200 1015 320 1085 minus
339 1010 440 1084 fsmae
451 1022 479 1099 ²,
494 1035 605 1108 quum
624 1010 744 1108 aliqua
762 1025 858 1082 certa
872 1013 1012 1081 ratione
1026 1010 1271 1081 commoveri?

202 1123 313 1214 Quod
334 1124 443 1221 igitur
459 1145 597 1193 nomen
622 1146 796 1218 umquam
822 1122 859 1190 in
885 1119 975 1191 orbe
1001 1135 1177 1190 terrarum
1196 1120 1270 1191 cla·

201 1235 276 1304 rius
292 1230 385 1302 fuit?
403 1232 506 1326 cujus
525 1256 582 1302 res
601 1246 708 1327 gestae
725 1232 854 1328 pares?
869 1229 914 1301 de
931 1256 1006 1327 quo
1020 1229 1170 1300 homine
1186 1255 1271 1318 vos,

201 1343 238 1415 id
250 1340 351 1441 quod
368 1344 523 1413 maxime
538 1339 625 1413 facit
637 1344 909 1427 auctoritatem,
925 1355 1024 1411 tanta
1040 1354 1162 1409 ettam
1179 1363 1271 1436 prae·

200 1453 294 1524 clara
319 1449 475 1547 judicia³
501 1451 658 1522 fecistis?
685 1455 739 1522 An
767 1476 853 1523 vero
880 1451 990 1521 ullam
1012 1475 1166 1548 usquam
1188 1475 1270 1522 esse

201 1587 301 1634 oram
321 1577 392 1632 tam
413 1561 591 1633 desertam
608 1563 760 1659 putatis,
779 1586 854 1659 quo
866 1585 941 1631 non
954 1560 1051 1632 iilius
1063 1560 1157 1630 dieii
1174 1558 1274 1631 husu

200 1675 414 1771 pervaserit,
427 1697 541 1768 quum
556 1673 744 1743 universus
757 1670 916 1769 populus
927 1693 1099 1740 romanus
1110 1723 1120 1757 ‚
1133 1666 1271 1741 referto

199 1780 299 1869 foro,
323 1781 543 1879 repletisque
570 1779 741 1851 omnibus
767 1781 912 1877 templis
923 1777 951 1864 ⁵,
978 1804 1023 1850 ex
1050 1777 1184 1875 quibus
1208 1778 1271 1850 hic

200 1890 303 1962 locus
325 1892 485 1988 conspici
511 1903 651 1988 potest,
674 1912 788 1961 unum
816 1888 884 1959 sibi
907 1888 952 1959 ad
975 1912 1167 1960 commune
1189 1915 1270 1959 om-

199 2003 302 2070 nium
323 2001 486 2094 gentium
504 1996 670 2069 bellum⁶
691 2003 755 2069 Cn.
778 2001 989 2094 Pompeium
1011 2002 1269 2096 imperatorem

198 2110 439 2207 depoposcit?
455 2114 600 2205 Itaque,
619 2123 660 2177 ut
678 2107 783 2206 plura
795 2132 873 2177 uon
888 2106 1026 2194 dicam,
1044 2131 1164 2204 neque
1182 2108 1270 2180 aiio-

199 2243 282 2288 rum
310 2218 486 2317 exemplis
508 2217 743 2305 confirmem,
766 2233 942 2314 quantum
969 2223 1184 2289 auctoritas⁷
1206 2243 1269 2290 vs·

199 2327 270 2399 lent
286 2330 324 2399 in
342 2327 463 2416 bello;
483 2327 529 2399 ab
544 2327 671 2400 eodem
686 2332 750 2399 Cn.
769 2329 943 2425 Pompeio
960 2329 1126 2398 omnium
1142 2352 1269 2399 rerum

199 2440 424 2535 egregiarum
449 2437 614 2534 exempla
635 2451 848 2508 sumantur:
871 2438 935 2533 qui
954 2462 1030 2534 quo
1049 2437 1109 2508 die
1126 2461 1146 2508 a
1163 2436 1269 2510 vobis

166 2631 173 2638 ,
199 2550 380 2617 maritimo
408 2546 505 2618 bello
532 2551 745 2645 praepositus
772 2562 825 2617 est
852 2549 1063 2644 imperator,
1086 2560 1186 2619 tanta
1207 2561 1268 2620 ne·

199 2671 308 2754 pente
335 2652 474 2728 vilitas8
502 2681 655 2729 annonae
684 2683 729 2730 ex
757 2681 897 2729 summa
919 2659 1042 2754 inopia
1062 2672 1100 2728 et
1120 2659 1268 2732 caritate

198 2768 250 2837 rei
268 2765 511 2839 frumentarias
533 2774 760 2866 consequuta
778 2783 849 2853 est,
869 2770 978 2837 unius
999 2766 1184 2838 hominus
1200 2793 1267 2864 spe

198 2891 235 2949 et
250 2882 416 2965 nomine,
431 2893 603 2975 quantam
620 2881 680 2948 vix
698 2904 742 2949 ox
758 2900 898 2948 summa
915 2875 1080 2947 ubertate
1094 2899 1265 2973 agrorum

232 3058 257 3091 α.
278 3043 399 3106 Opinione
415 3059 465 3091 non
479 3044 557 3091 minus
566 3042 658 3108 samoe.
679 3042 708 3090 ld
787 3041 812 3090 6.
829 3042 958 3090 Cominuue
973 3041 1080 3089 ninnium
1092 3042 1201 3108 gentiunt
1216 3044 1267 3093 bet·

195 3132 247 3179 est,
261 3121 312 3184 ipss
328 3121 402 3180 mma,
424 3134 467 3170 sut
485 3123 569 3186 potius
585 3123 707 3171 existima·
752 3122 809 3169 ium.
825 3121 963 3170 Piraticum.

198 3200 279 3257 tione,
288 3216 317 3247 sc
327 3216 425 3248 rumore
435 3216 449 3247 s
462 3201 524 3248 sams
533 3213 601 3250 neto.
787 3215 811 3266 7.
823 3200 862 3248 At.
873 3221 884 3242 ι
893 3199 966 3260 hujus
973 3200 1105 3247 auctoritas
1114 3222 1135 3248 ι.
1146 3201 1172 3248 J.
1180 3202 1215 3249 V.
1226 3203 1254 3250 L

232 3272 259 3319 3.
273 3270 381 3319 Iudicia.
393 3272 476 3333 Quum
489 3275 563 3334 eques
575 3271 655 3320 adhuc
667 3289 706 3320 ro·
787 3281 811 3326 8.
829 3281 908 3326 Tanta
922 3289 1019 3340 repente
1031 3278 1126 3328 vilitas.
1140 3280 1265 3328 Macetu-

194 3362 279 3397 tusnus
289 3360 345 3397 ante
358 3361 453 3398 sentem
466 3351 610 3398 senatoriam
623 3353 706 3399 trium·
750 3373 788 3405 m
798 3359 863 3405 enim
872 3357 944 3405 simul
953 3372 981 3404 sc
990 3358 1133 3421 Pompeium
1142 3359 1266 3408 maritimo

194 3426 292 3492 pharit3
313 3428 344 3475 sd
361 3428 409 3475 hoc
430 3440 536 3492 quaestor
553 3440 633 3477 tsmeu
648 3446 705 3492 pro·
749 3435 815 3484 bello
840 3436 997 3501 prepositum
1024 3436 1171 3495 audierunt,
1204 3439 1266 3486 certi

194 3507 316 3555 consulsri
329 3507 431 3570 imperio
442 3509 558 3555 adversus
571 3509 705 3556 Sertorium
749 3514 876 3579 predones
886 3532 917 3562 ex
927 3516 1054 3562 maritimis
1066 3517 1265 3576 lucicomum,
1321 3504 1324 3509 Ι

192 3587 279 3634 missus
291 3588 338 3648 sit,
350 3587 438 3634 iterum
451 3604 524 3651 eques
538 3588 703 3651 triumpharit3
748 3605 840 3642 umam
853 3595 950 3659 copiam
968 3594 1083 3642 frumenti
1101 3598 1205 3642 nomm
1219 3596 1265 3644 d„-

193 3666 344 3714 eonsulstum
356 3677 412 3714 ente
420 3667 481 3715 elios
490 3669 643 3732 magistratus
652 3684 704 3731 ges·
748 3685 876 3732 vexerunt,
893 3685 919 3721 ut
930 3675 972 3722 vili
983 3675 1062 3738 pretio
1072 3675 1178 3723 vendere
1190 3692 1266 3740 coge.

192 3746 265 3803 serit,
280 3756 308 3792 ut
322 3745 394 3794 inire.
748 3763 841 3800 rentur.
868 3753 909 3801 Sic
932 3765 1030 3812 eontra,
1055 3765 1153 3802 monuo
1178 3766 1265 3804 nostro

228 3835 252 3880 4.
268 3824 338 3872 Illius
352 3824 403 3872 diei
406 3824 491 3890 samu.
509 3829 566 3888 Quo
578 3826 655 3890 legem
672 3826 702 3874 de
747 3833 888 3891 Turennio,
909 3833 990 3880 viiism
1012 3833 1110 3896 quidem
1135 3833 1265 3897 vendidit,

193 3904 310 3967 Pompeio
327 3915 412 3952 contra
427 3905 517 3969 piretss
533 3905 653 3954 mittendo
670 3906 700 3954 A.
750 3920 838 3973 utpote
851 3927 924 3974 quun
934 3913 984 3972 jem
997 3913 1079 3960 hostes
1090 3912 1244 3963 invaderent.

194 3981 312 4030 Gabinius
321 3984 435 4032 tribuum
444 3984 522 4049 piebis
530 3985 597 4032 tulit,
784 4005 811 4048 9.
823 3988 914 4038 Aberat
924 3990 1035 4041 hominis.
1045 3995 1111 4041 Dant
1121 4009 1180 4040 vem
1190 3994 1263 4044 MSS.

231 4061 254 4109 5.
259 4063 368 4127 Templis.
376 4065 438 4126 Qun
447 4066 540 4112 circum
549 4064 628 4112 iorum
638 4075 702 4113 suut.
747 4070 772 4116 J.
783 4069 813 4115 V.
826 4070 853 4117 L.
