2670 5198
273 384 468 454 oarrm
491 382 594 452 ruo
616 383 758 454 nune
781 384 1018 455 utrumn
1145 408 1190 481 η
1211 370 1233 409 “’

81 564 83 569 .
130 506 271 593 dimisit,
295 520 440 605 partem
466 502 658 577 Glabrioni
688 504 850 577 tradidit.
876 505 992 578 Multa
1015 514 1192 603 praetereo

129 617 304 702 consulto,
320 616 384 688 serl
401 640 444 685 ea
456 638 523 686 vos
542 615 752 710 conjectura
773 616 995 715 perspicitis,
1010 633 1192 715 quantum

128 729 204 802 illud
238 726 426 799 bellum¹⁷
464 724 602 797 lactum
635 729 791 825 putetis,
830 724 931 825 quod
967 727 1194 825 conjungunt

127 860 220 938 reges
237 839 504 937 potentissimi,
526 853 707 908 renovent
724 838 862 934 agitate
879 837 1066 924 nationes,
1086 839 1195 909 susci·

126 957 218 1054 piant
233 954 385 1051 integere
406 944 587 1048 gentesffi,
613 975 729 1024 novus
749 952 948 1050 imperator
969 952 1196 1023 resteracci·

127 1067 206 1160 piat,
224 1077 353 1135 vetere
376 1061 485 1160 pulso
502 1063 679 1133 exercitu.

162 1181 208 1247 X.
224 1175 319 1246 Satis
332 1171 424 1243 milri
440 1171 555 1242 multa
567 1172 680 1244 verba
693 1170 820 1244 fecisse
837 1169 976 1258 videor,
994 1193 1107 1268 quare
1121 1169 1194 1241 hoe

126 1283 254 1357 bellum
283 1296 380 1354 esset
402 1305 536 1379 genere
558 1283 639 1380 ipso
660 1283 926 1368 necessarium,
945 1279 1197 1379 magnitudino

128 1394 390 1494 periculosum:
408 1405 540 1479 restat,
558 1407 601 1463 ut
619 1391 665 1463 de
691 1394 911 1491 imperatore
931 1391 977 1462 ad
999 1390 1037 1462 id
1058 1388 1195 1461 bellum

129 1502 327 1604 deligendo,
341 1526 383 1573 ac
398 1503 507 1572 tantis
518 1501 631 1574 rebus
645 1500 895 1601 preficiendo,
910 1501 1105 1575 dicendum
1120 1520 1197 1571 ease

134 1613 299 1685 rideatur.

172 1725 338 1809 Utinam,
355 1722 534 1811 Quirites,
552 1725 721 1793 virorum
736 1721 887 1794 fortium
902 1738 1012 1820 atque
1029 1726 1200 1794 innocen-

134 1834 209 1906 tium
229 1837 378 1933 copiam
400 1847 539 1903 tantam
560 1831 762 1920 haberetis,
781 1847 823 1904 ut
842 1832 918 1905 hmo
936 1831 1039 1905 vobis
1060 1831 1198 1905 delibe-

132 1947 210 2016 ratio
227 1943 388 2017 difficilis
406 1958 517 2033 esset,
540 1968 737 2042 quemnam
759 1945 990 2043 potissimum
1011 1948 1123 2015 tantis
1139 1968 1197 2016 re·

132 2052 188 2128 bus
202 2080 246 2129 ae
263 2070 366 2126 tanto
381 2052 479 2126 bello
496 2054 765 2152 praeficiendum
785 2053 974 2155 putaretis!
990 2058 1098 2127 Nunc
1111 2079 1198 2171 vero

132 2188 235 2261 quum
253 2165 302 2237 sit
320 2188 416 2235 unus
438 2168 504 2236 Cn.
522 2166 738 2263 Pompeius,
760 2166 825 2262 qui
843 2191 919 2237 non
940 2164 1051 2237 modo
1069 2189 1198 2238 eorum

132 2272 335 2360 hominum,
357 2276 421 2372 qui
442 2299 542 2346 nunc
563 2290 669 2363 sunt,
692 2276 862 2374 gloriam,
882 2274 945 2347 sed
971 2277 1077 2346 etiam
1103 2277 1196 2346 anti-

132 2388 268 2483 quitatis
296 2385 509 2457 memoriam
537 2386 672 2457 virtute
703 2388 902 2484 superarit;
932 2410 1014 2482 qum
1040 2408 1097 2457 res
1123 2400 1198 2470 est,

131 2520 201 2594 quae
222 2497 440 2593 cujusquam
461 2495 624 2566 animum
644 2499 683 2566 in
698 2496 766 2568 hac
785 2521 893 2567 causa
911 2493 1066 2567 dubium
1081 2493 1199 2566 facere

130 2609 262 2705 possit?
280 2611 357 2704 Ego
376 2611 472 2677 enim
489 2609 541 2679 sic
559 2611 744 2695 existimo,
761 2607 799 2677 in
817 2628 961 2678 summo
978 2607 1198 2704 imperatore

130 2733 281 2816 quatuor
301 2717 366 2788 has
392 2741 449 2788 res
471 2719 587 2790 inesse
613 2731 807 2815 oportere,
825 2717 1011 2789 scientiam
1031 2717 1083 2785 rei
1105 2713 1199 2784 mili·

129 2832 243 2917 unm,
256 2830 449 2915 virtutem,
463 2830 735 2917 auctoritatem,
750 2824 969 2897 felicitatem.
985 2827 1078 2914 Quis
1091 2826 1200 2922 igitur

127 3016 187 3049 sno
200 3001 331 3066 superiore
343 3000 422 3049 tumr
431 2986 524 3050 dunc.
537 3001 640 3066 Calpur·
683 2999 803 3048 industria
816 2999 842 3047 in
855 2999 967 3062 agendo,
983 2997 1093 3046 celeritas
1106 2998 1132 3045 in
1142 3014 1202 3045 cors·

128 3082 167 3129 rio
178 3081 355 3137 Pisone,etin
364 3080 640 3139 Asismmissnsluent,
683 3078 810 3137 lielendo,
832 3077 963 3126 eonsilium
988 3078 1014 3124 iu
1031 3076 1199 3143 providendo.

127 3172 153 3209 nt
164 3160 270 3209 larmllo
283 3158 434 3209 succederet.
684 3158 795 3207 Alterum
807 3172 884 3221 genus
894 3157 1067 3222 complectitur
1080 3157 1200 3207 innoeen-

162 3239 420 3300 17.Fntrrm.0r2v.
428 3235 640 3303 restituitsactuss,
685 3236 1201 3301 tiam,temperantiam,lidem,lacilitsteru,

128 3318 338 3367 concutientibus
349 3319 422 3366 MSS.
434 3319 459 3367 J.
467 3320 499 3365 V.
509 3320 536 3367 L.
686 3315 1055 3378 ingenium,humanitstem.-
1061 3318 1204 3365 Auctoritas·

162 3400 203 3447 18.
212 3401 325 3463 Integra
335 3409 429 3461 gestes.
442 3397 560 3446 Nondum
574 3395 640 3444 bello
684 3404 741 3444 um.
750 3395 848 3443 Virtute
861 3396 1201 3460 partamdelicitttesuotsm.

126 3478 405 3528 almishemita.
684 3473 846 3522 Vehementer
873 3476 937 3522 enim
966 3476 1071 3539 pertinet
1088 3473 1121 3521 ad
1138 3474 1202 3523 batt·

159 3560 194 3608 Χ.
210 3574 233 3607 r.
247 3556 385 3605 sirum
397 3555 434 3603 ναί
445 3555 573 3613 militaris,
585 3570 641 3619 qun
684 3553 874 3602 sdntinistrartda
882 3555 954 3619 ‚quid
964 3556 1055 3613 hostes,
1065 3553 1203 3619 qulrlsocil,

127 3638 206 3686 antio
226 3648 253 3687 et
269 3637 423 3701 experientia
442 3636 587 3698 aequiritur.
605 3661 641 3672 -
685 3633 747 3697 quid
758 3634 848 3683 milites
867 3635 899 3683 de
916 3636 1106 3701 imperatoribus
1117 3635 1202 3684 eristi-

131 3715 352 3780 Vr'rtnters‚quaein
363 3714 640 3777 duogeuersdividitnr,
684 3725 761 3762 ment.
786 3716 925 3764 Praestantis
948 3717 1009 3764 lama
1035 3716 1108 3763 unius
1132 3716 1203 3765 (lueis

127 3810 199 3843 nm
210 3793 324 3860 qnodsrl
337 3792 510 3857 bellsproprie
521 3794 639 3856 pertinet,
685 3793 762 3857 pluris
781 3806 817 3843 est
838 3811 911 3858 qnam
931 3795 992 3844 alter
1016 3797 1147 3844 exereitus.
1166 3821 1202 3833 ·-

127 3874 336 3939 sltmqnodirt
345 3872 457 3920 moribus
465 3871 639 3921 eomidenrur.
683 3873 849 3934 Felicitatem,
861 3877 932 3937 eujus
942 3877 967 3922 in
978 3876 1045 3923 omui
1057 3892 1095 3934 re,
1104 3891 1203 3939 prater·

128 3954 183 4001 tto·
191 3955 256 4002 enim
267 3954 319 4003 itt:
330 3962 391 3999 suut
403 3950 462 3999 ⁸012
479 3951 580 3999 virtutes
593 3953 642 3998 im·
687 3953 731 4000 tim
745 3954 771 4000 in
782 3955 847 4002 bello
861 3966 968 4020 potestas
980 3954 1093 4003 mxima.
1103 3955 1201 4001 Donum

128 4036 263 4096 pemeria,
285 4049 345 4097 quae
363 4031 440 4094 vulgo
459 4032 641 4091 existimatur,
686 4042 722 4078 est
743 4032 865 4093 divinum,
879 4050 930 4099 qrro
953 4036 1030 4100 pluris
1048 4036 1121 4082 etism
1135 4036 1201 4083 aesti-

128 4109 642 4176 btormoegouktoetimdoinpeflmtis,
686 4111 784 4161 manda.
