<?xml version="1.0" encoding="UTF-8"?>
<!DOCTYPE html PUBLIC "-//W3C//DTD XHTML 1.0 Transitional//EN"
    "http://www.w3.org/TR/xhtml1/DTD/xhtml1-transitional.dtd">
<html xmlns="http://www.w3.org/1999/xhtml" xml:lang="en" lang="en">
 <head>
  <title>
</title>
<meta http-equiv="Content-Type" content="text/html;charset=utf-8" />
  <meta name='ocr-system' content='tesseract 3.04.00' />
  <meta name='ocr-capabilities' content='ocr_page ocr_carea ocr_par ocr_line ocrx_word'/>
</head>
<body>
  <div class='ocr_page' id='page_1' title='image "bibliothecaclas02lemagoog_0029.png"; bbox 0 0 2670 5198; ppageno 0'>
   <div class='ocr_carea' id='block_1_1' title="bbox 213 745 961 821">
    <p class='ocr_par' dir='ltr' id='par_1_1' title="bbox 213 745 961 821">
     <span class='ocr_line' id='line_1_1' title="bbox 213 745 961 821; baseline -0.003 -2"><span class='ocrx_word' id='word_1_1' title='bbox 213 745 256 819; x_wconf 83' lang='lat'><strong>16</strong></span> <span class='ocrx_word' id='word_1_2' title='bbox 531 746 580 819; x_wconf 87' lang='grc' dir='ltr'><strong>Μ.</strong></span> <span class='ocrx_word' id='word_1_3' title='bbox 607 747 646 815; x_wconf 92' lang='grc' dir='ltr'><strong>Τ.</strong></span> <span class='ocrx_word' id='word_1_4' title='bbox 671 746 961 821; x_wconf 85' lang='lat' dir='ltr'>CICERONIS</span> 
     </span>
    </p>
   </div>
   <div class='ocr_carea' id='block_1_2' title="bbox 207 866 1291 2622">
    <p class='ocr_par' dir='ltr' id='par_1_2' title="bbox 207 866 1291 2622">
     <span class='ocr_line' id='line_1_2' title="bbox 207 866 1285 973; baseline -0.003 -30"><span class='ocrx_word' id='word_1_5' title='bbox 207 884 329 973; x_wconf 84' lang='lat' dir='ltr'><strong>patres</strong></span> <span class='ocrx_word' id='word_1_6' title='bbox 345 869 478 957; x_wconf 66' lang='lat' dir='ltr'><strong>vostri,</strong></span> <span class='ocrx_word' id='word_1_7' title='bbox 497 866 610 941; x_wconf 87' lang='lat' dir='ltr'><strong>totius</strong></span> <span class='ocrx_word' id='word_1_8' title='bbox 632 870 780 941; x_wconf 75' lang='lat' dir='ltr'><strong>Graeciae</strong></span> <span class='ocrx_word' id='word_1_9' title='bbox 800 868 945 955; x_wconf 86' lang='lat' dir='ltr'><strong>lumen,</strong></span> <span class='ocrx_word' id='word_1_10' title='bbox 963 872 1185 945; x_wconf 81' lang='lat' dir='ltr'><strong>exstinctum</strong></span> <span class='ocrx_word' id='word_1_11' title='bbox 1206 895 1285 949; x_wconf 73' lang='lat' dir='ltr'><strong>esee</strong></span> 
     </span>
     <span class='ocr_line' id='line_1_3' title="bbox 208 979 1285 1078; baseline 0.001 -25"><span class='ocrx_word' id='word_1_12' title='bbox 208 979 426 1054; x_wconf 87' lang='lat' dir='ltr'><strong>voluerunt:</strong></span> <span class='ocrx_word' id='word_1_13' title='bbox 449 1001 514 1049; x_wconf 84' lang='lat' dir='ltr'><strong>vos</strong></span> <span class='ocrx_word' id='word_1_14' title='bbox 538 1001 622 1053; x_wconf 85' lang='lat' dir='ltr'><strong>euro</strong></span> <span class='ocrx_word' id='word_1_15' title='bbox 647 1002 769 1076; x_wconf 83' lang='lat' dir='ltr'><strong>regem</strong></span> <span class='ocrx_word' id='word_1_16' title='bbox 789 979 950 1057; x_wconf 85' lang='lat' dir='ltr'><strong>inultum</strong></span> <span class='ocrx_word' id='word_1_17' title='bbox 972 1001 1050 1055; x_wconf 82' lang='lat' dir='ltr'><strong>esse</strong></span> <span class='ocrx_word' id='word_1_18' title='bbox 1073 981 1285 1078; x_wconf 80' lang='lat' dir='ltr'><strong>patiemini,</strong></span> 
     </span>
     <span class='ocr_line' id='line_1_4' title="bbox 209 1087 1285 1190; baseline 0.006 -27"><span class='ocrx_word' id='word_1_19' title='bbox 209 1094 274 1190; x_wconf 92' lang='lat' dir='ltr'><strong>qui</strong></span> <span class='ocrx_word' id='word_1_20' title='bbox 302 1089 459 1189; x_wconf 82' lang='lat' dir='ltr'><strong>legatum</strong></span> <span class='ocrx_word' id='word_1_21' title='bbox 484 1087 612 1186; x_wconf 87' lang='lat' dir='ltr'><strong>populi</strong></span> <span class='ocrx_word' id='word_1_22' title='bbox 636 1094 779 1161; x_wconf 85' lang='lat' dir='ltr'><strong>romani</strong></span> <span class='ocrx_word' id='word_1_23' title='bbox 799 1088 1048 1176; x_wconf 78' lang='lat' dir='ltr'><strong>consularem,</strong></span> <span class='ocrx_word' id='word_1_24' title='bbox 1069 1090 1226 1167; x_wconf 80' lang='lat' dir='ltr'><strong>vinculis</strong></span> <span class='ocrx_word' id='word_1_25' title='bbox 1242 1116 1285 1169; x_wconf 83' lang='lat' dir='ltr'><strong>ac</strong></span> 
     </span>
     <span class='ocr_line' id='line_1_5' title="bbox 210 1198 1285 1299; baseline 0.003 -26"><span class='ocrx_word' id='word_1_26' title='bbox 210 1198 447 1288; x_wconf 84' lang='lat' dir='ltr'><strong>verberibus,</strong></span> <span class='ocrx_word' id='word_1_27' title='bbox 475 1212 586 1294; x_wconf 84' lang='lat' dir='ltr'><strong>atque</strong></span> <span class='ocrx_word' id='word_1_28' title='bbox 613 1202 715 1275; x_wconf 86' lang='lat' dir='ltr'><strong>omni</strong></span> <span class='ocrx_word' id='word_1_29' title='bbox 742 1200 922 1299; x_wconf 86' lang='lat' dir='ltr'><strong>supplicio</strong></span> <span class='ocrx_word' id='word_1_30' title='bbox 946 1202 1193 1275; x_wconf 84' lang='lat' dir='ltr'><strong>excruciatum</strong></span> <span class='ocrx_word' id='word_1_31' title='bbox 1218 1226 1285 1275; x_wconf 78' lang='lat' dir='ltr'><strong>ne-</strong></span> 
     </span>
     <span class='ocr_line' id='line_1_6' title="bbox 211 1306 1283 1387; baseline 0.002 -2"><span class='ocrx_word' id='word_1_32' title='bbox 211 1310 325 1385; x_wconf 79' lang='lat' dir='ltr'><strong>cavit?</strong></span> <span class='ocrx_word' id='word_1_33' title='bbox 346 1308 404 1381; x_wconf 90' lang='lat' dir='ltr'><strong>Illi</strong></span> <span class='ocrx_word' id='word_1_34' title='bbox 424 1306 631 1381; x_wconf 85' lang='lat' dir='ltr'><strong>libertatem</strong></span> <span class='ocrx_word' id='word_1_35' title='bbox 651 1313 785 1383; x_wconf 90' lang='lat' dir='ltr'><strong>civium</strong></span> <span class='ocrx_word' id='word_1_36' title='bbox 803 1335 1039 1387; x_wconf 85' lang='lat' dir='ltr'><strong>romanorum</strong></span> <span class='ocrx_word' id='word_1_37' title='bbox 1054 1312 1283 1387; x_wconf 88' lang='lat' dir='ltr'><strong>imminutam</strong></span> 
     </span>
     <span class='ocr_line' id='line_1_7' title="bbox 211 1418 1286 1520; baseline 0 -25"><span class='ocrx_word' id='word_1_38' title='bbox 211 1445 290 1495; x_wconf 90' lang='lat' dir='ltr'><strong>non</strong></span> <span class='ocrx_word' id='word_1_39' title='bbox 306 1418 493 1493; x_wconf 88' lang='lat' dir='ltr'><strong>tulerunt:</strong></span> <span class='ocrx_word' id='word_1_40' title='bbox 515 1444 580 1491; x_wconf 81' lang='lat' dir='ltr'><strong>voa</strong></span> <span class='ocrx_word' id='word_1_41' title='bbox 597 1420 709 1495; x_wconf 87' lang='lat' dir='ltr'><strong>vitam</strong></span> <span class='ocrx_word' id='word_1_42' title='bbox 733 1436 895 1520; x_wconf 82' lang='lat' dir='ltr'><strong>ereptam</strong></span> <span class='ocrx_word' id='word_1_43' title='bbox 919 1420 1130 1518; x_wconf 77' lang='lat' dir='ltr'><strong>negligetis?</strong></span> <span class='ocrx_word' id='word_1_44' title='bbox 1149 1426 1216 1497; x_wconf 81' lang='lat' dir='ltr'><strong>Ius</strong></span> <span class='ocrx_word' id='word_1_45' title='bbox 1235 1423 1286 1496; x_wconf 85' lang='lat' dir='ltr'><strong>le·</strong></span> 
     </span>
     <span class='ocr_line' id='line_1_8' title="bbox 212 1527 1288 1631; baseline 0 -26"><span class='ocrx_word' id='word_1_46' title='bbox 212 1531 369 1631; x_wconf 83' lang='lat' dir='ltr'><strong>gationis</strong></span> <span class='ocrx_word' id='word_1_47' title='bbox 386 1527 500 1603; x_wconf 88' lang='lat' dir='ltr'><strong>verbo</strong></span> <span class='ocrx_word' id='word_1_48' title='bbox 512 1529 688 1605; x_wconf 88' lang='lat' dir='ltr'><strong>violatum</strong></span> <span class='ocrx_word' id='word_1_49' title='bbox 702 1531 754 1605; x_wconf 89' lang='lat' dir='ltr'><strong>illi</strong></span> <span class='ocrx_word' id='word_1_50' title='bbox 775 1534 986 1630; x_wconf 81' lang='lat' dir='ltr'><strong>persequuti</strong></span> <span class='ocrx_word' id='word_1_51' title='bbox 1003 1545 1112 1607; x_wconf 85' lang='lat' dir='ltr'><strong>sunt:</strong></span> <span class='ocrx_word' id='word_1_52' title='bbox 1131 1534 1222 1605; x_wconf 64' lang='lat' dir='ltr'><strong>vosl</strong></span> <span class='ocrx_word' id='word_1_53' title='bbox 1236 1532 1288 1605; x_wconf 87' lang='lat' dir='ltr'><strong>le·</strong></span> 
     </span>
     <span class='ocr_line' id='line_1_9' title="bbox 212 1640 1288 1743; baseline 0 -28"><span class='ocrx_word' id='word_1_54' title='bbox 212 1657 358 1743; x_wconf 78' lang='lat' dir='ltr'><strong>gotum,</strong></span> <span class='ocrx_word' id='word_1_55' title='bbox 378 1643 479 1713; x_wconf 90' lang='lat' dir='ltr'><strong>omni</strong></span> <span class='ocrx_word' id='word_1_56' title='bbox 501 1640 681 1739; x_wconf 85' lang='lat' dir='ltr'><strong>supplicio</strong></span> <span class='ocrx_word' id='word_1_57' title='bbox 703 1641 958 1730; x_wconf 81' lang='lat' dir='ltr'><strong>intersectum,</strong></span> <span class='ocrx_word' id='word_1_58' title='bbox 974 1643 1208 1743; x_wconf 80' lang='lat' dir='ltr'><strong>relinquetis?</strong></span> <span class='ocrx_word' id='word_1_59' title='bbox 1221 1645 1288 1716; x_wconf 80' lang='lat' dir='ltr'><strong>vi-</strong></span> 
     </span>
     <span class='ocr_line' id='line_1_10' title="bbox 214 1749 1288 1850; baseline -0.002 -21"><span class='ocrx_word' id='word_1_60' title='bbox 214 1754 318 1843; x_wconf 86' lang='lat' dir='ltr'><strong>dete,</strong></span> <span class='ocrx_word' id='word_1_61' title='bbox 342 1775 414 1839; x_wconf 82' lang='lat' dir='ltr'><strong>ne,</strong></span> <span class='ocrx_word' id='word_1_62' title='bbox 435 1764 478 1825; x_wconf 91' lang='lat' dir='ltr'><strong>ut</strong></span> <span class='ocrx_word' id='word_1_63' title='bbox 501 1749 570 1825; x_wconf 91' lang='lat' dir='ltr'><strong>illis</strong></span> <span class='ocrx_word' id='word_1_64' title='bbox 594 1751 881 1850; x_wconf 84' lang='lat' dir='ltr'><strong>pulcherrimum</strong></span> <span class='ocrx_word' id='word_1_65' title='bbox 903 1751 994 1842; x_wconf 80' lang='lat' dir='ltr'><strong>luit,</strong></span> <span class='ocrx_word' id='word_1_66' title='bbox 1021 1768 1165 1828; x_wconf 86' lang='lat' dir='ltr'><strong>tantam·</strong></span> <span class='ocrx_word' id='word_1_67' title='bbox 1182 1752 1288 1827; x_wconf 85' lang='lat' dir='ltr'><strong>vohis</strong></span> 
     </span>
     <span class='ocr_line' id='line_1_11' title="bbox 212 1860 1289 1963; baseline -0.003 -25"><span class='ocrx_word' id='word_1_68' title='bbox 212 1863 357 1963; x_wconf 86' lang='lat' dir='ltr'><strong>imperii</strong></span> <span class='ocrx_word' id='word_1_69' title='bbox 374 1860 526 1959; x_wconf 86' lang='lat' dir='ltr'><strong>gloriam</strong></span> <span class='ocrx_word' id='word_1_70' title='bbox 537 1861 763 1961; x_wconf 78' lang='lat' dir='ltr'><strong>relinquere3</strong></span> <span class='ocrx_word' id='word_1_71' title='bbox 781 1868 832 1939; x_wconf 84' lang='lat' dir='ltr'><strong>sic</strong></span> <span class='ocrx_word' id='word_1_72' title='bbox 844 1863 949 1939; x_wconf 82' lang='lat' dir='ltr'><strong>vobis</strong></span> <span class='ocrx_word' id='word_1_73' title='bbox 966 1866 1217 1963; x_wconf 81' lang='lat' dir='ltr'><strong>turpissimum</strong></span> <span class='ocrx_word' id='word_1_74' title='bbox 1231 1866 1289 1950; x_wconf 75' lang='lat' dir='ltr'><strong>sit,</strong></span> 
     </span>
     <span class='ocr_line' id='line_1_12' title="bbox 213 1971 1288 2073; baseline -0.004 -24"><span class='ocrx_word' id='word_1_75' title='bbox 213 1973 323 2061; x_wconf 90' lang='lat' dir='ltr'><strong>illud,</strong></span> <span class='ocrx_word' id='word_1_76' title='bbox 343 1971 447 2070; x_wconf 89' lang='lat' dir='ltr'><strong>quod</strong></span> <span class='ocrx_word' id='word_1_77' title='bbox 461 1975 666 2070; x_wconf 84' lang='lat' dir='ltr'><strong>accepistis,</strong></span> <span class='ocrx_word' id='word_1_78' title='bbox 681 1974 775 2049; x_wconf 87' lang='lat' dir='ltr'><strong>tueri</strong></span> <span class='ocrx_word' id='word_1_79' title='bbox 788 1988 826 2047; x_wconf 87' lang='lat' dir='ltr'><strong>et</strong></span> <span class='ocrx_word' id='word_1_80' title='bbox 845 1998 1059 2049; x_wconf 77' lang='lat' dir='ltr'><strong>conservare</strong></span> <span class='ocrx_word' id='word_1_81' title='bbox 1073 2000 1152 2045; x_wconf 91' lang='lat' dir='ltr'><strong>non</strong></span> <span class='ocrx_word' id='word_1_82' title='bbox 1167 1997 1288 2073; x_wconf 78' lang='lat' dir='ltr'><strong>posse.</strong></span> 
     </span>
     <span class='ocr_line' id='line_1_13' title="bbox 213 2081 1289 2182; baseline 0 -25"><span class='ocrx_word' id='word_1_83' title='bbox 213 2083 330 2179; x_wconf 86' lang='lat' dir='ltr'><strong>Quid,</strong></span> <span class='ocrx_word' id='word_1_84' title='bbox 347 2081 449 2181; x_wconf 92' lang='lat' dir='ltr'><strong>quod</strong></span> <span class='ocrx_word' id='word_1_85' title='bbox 467 2083 562 2159; x_wconf 80' lang='lat' dir='ltr'><strong>salus</strong></span> <span class='ocrx_word' id='word_1_86' title='bbox 580 2086 762 2161; x_wconf 82' lang='lat' dir='ltr'><strong>sociorum</strong></span> <span class='ocrx_word' id='word_1_87' title='bbox 776 2109 961 2159; x_wconf 86' lang='lat' dir='ltr'><strong>summum</strong></span> <span class='ocrx_word' id='word_1_88' title='bbox 975 2086 1013 2156; x_wconf 89' lang='lat' dir='ltr'><strong>in</strong></span> <span class='ocrx_word' id='word_1_89' title='bbox 1028 2083 1233 2182; x_wconf 87' lang='lat' dir='ltr'><strong>pericnlum</strong></span> <span class='ocrx_word' id='word_1_90' title='bbox 1247 2108 1289 2157; x_wconf 85' lang='lat' dir='ltr'><strong>ae</strong></span> 
     </span>
     <span class='ocr_line' id='line_1_14' title="bbox 213 2189 1289 2293; baseline -0.008 -20"><span class='ocrx_word' id='word_1_91' title='bbox 213 2195 410 2273; x_wconf 79' lang='lat' dir='ltr'><strong>discrimen</strong></span> <span class='ocrx_word' id='word_1_92' title='bbox 424 2195 732 2293; x_wconf 71' lang='lat' dir='ltr'><strong>vocaturiRegno</strong></span> <span class='ocrx_word' id='word_1_93' title='bbox 747 2196 920 2293; x_wconf 81' lang='lat' dir='ltr'><strong>expulsus</strong></span> <span class='ocrx_word' id='word_1_94' title='bbox 933 2189 1005 2267; x_wconf 84' lang='lat' dir='ltr'><strong>est⁵</strong></span> <span class='ocrx_word' id='word_1_95' title='bbox 1014 2193 1289 2281; x_wconf 85' lang='lat' dir='ltr'><strong>Ariobarzanes,</strong></span> 
     </span>
     <span class='ocr_line' id='line_1_15' title="bbox 215 2304 1291 2403; baseline -0.005 -23"><span class='ocrx_word' id='word_1_96' title='bbox 215 2333 299 2397; x_wconf 84' lang='lat' dir='ltr'><strong>rex,</strong></span> <span class='ocrx_word' id='word_1_97' title='bbox 320 2306 441 2379; x_wconf 83' lang='lat' dir='ltr'><strong>socius</strong></span> <span class='ocrx_word' id='word_1_98' title='bbox 467 2304 595 2403; x_wconf 87' lang='lat' dir='ltr'><strong>populi</strong></span> <span class='ocrx_word' id='word_1_99' title='bbox 619 2307 761 2379; x_wconf 88' lang='lat' dir='ltr'><strong>romani</strong></span> <span class='ocrx_word' id='word_1_100' title='bbox 785 2321 895 2401; x_wconf 87' lang='lat' dir='ltr'><strong>atque</strong></span> <span class='ocrx_word' id='word_1_101' title='bbox 919 2306 1077 2391; x_wconf 62' lang='lat' dir='ltr'><strong>auriensi</strong></span> <span class='ocrx_word' id='word_1_102' title='bbox 1096 2305 1291 2375; x_wconf 87' lang='lat' dir='ltr'><strong>imminent</strong></span> 
     </span>
     <span class='ocr_line' id='line_1_16' title="bbox 217 2414 1290 2513; baseline -0.005 -23"><span class='ocrx_word' id='word_1_103' title='bbox 217 2418 293 2490; x_wconf 94' lang='lat' dir='ltr'><strong>duo</strong></span> <span class='ocrx_word' id='word_1_104' title='bbox 315 2440 418 2513; x_wconf 84' lang='lat' dir='ltr'><strong>reges</strong></span> <span class='ocrx_word' id='word_1_105' title='bbox 447 2418 515 2487; x_wconf 85' lang='lat' dir='ltr'><strong>toti</strong></span> <span class='ocrx_word' id='word_1_106' title='bbox 540 2416 651 2499; x_wconf 84' lang='lat' dir='ltr'><strong>Asiae,</strong></span> <span class='ocrx_word' id='word_1_107' title='bbox 672 2440 747 2487; x_wconf 89' lang='lat' dir='ltr'><strong>non</strong></span> <span class='ocrx_word' id='word_1_108' title='bbox 771 2415 890 2489; x_wconf 83' lang='lat' dir='ltr'><strong>solum</strong></span> <span class='ocrx_word' id='word_1_109' title='bbox 908 2414 1012 2487; x_wconf 87' lang='lat' dir='ltr'><strong>vobis</strong></span> <span class='ocrx_word' id='word_1_110' title='bbox 1032 2415 1290 2502; x_wconf 78' lang='lat' dir='ltr'><strong>inimicissimi,</strong></span> 
     </span>
     <span class='ocr_line' id='line_1_17' title="bbox 216 2525 1291 2622; baseline -0.008 -18"><span class='ocrx_word' id='word_1_111' title='bbox 216 2526 406 2605; x_wconf 86' lang='lat' dir='ltr'><strong>sedetiam</strong></span> <span class='ocrx_word' id='word_1_112' title='bbox 425 2527 553 2599; x_wconf 83' lang='lat' dir='ltr'><strong>vostris</strong></span> <span class='ocrx_word' id='word_1_113' title='bbox 573 2525 678 2595; x_wconf 87' lang='lat' dir='ltr'><strong>sociis</strong></span> <span class='ocrx_word' id='word_1_114' title='bbox 698 2540 809 2622; x_wconf 85' lang='lat' dir='ltr'><strong>atque</strong></span> <span class='ocrx_word' id='word_1_115' title='bbox 827 2526 970 2613; x_wconf 84' lang='lat' dir='ltr'><strong>amicis3</strong></span> <span class='ocrx_word' id='word_1_116' title='bbox 991 2528 1152 2597; x_wconf 87' lang='lat' dir='ltr'><strong>civitates</strong></span> <span class='ocrx_word' id='word_1_117' title='bbox 1167 2538 1291 2596; x_wconf 85' lang='lat' dir='ltr'><strong>autem</strong></span> 
     </span>
    </p>
   </div>
   <div class='ocr_carea' id='block_1_3' title="bbox 218 2745 1302 4564">
    <p class='ocr_par' dir='ltr' id='par_1_3' title="bbox 218 2745 1301 4079">
     <span class='ocr_line' id='line_1_18' title="bbox 218 2745 1294 2813; baseline 0.002 -16"><span class='ocrx_word' id='word_1_118' title='bbox 218 2751 305 2801; x_wconf 78' lang='lat' dir='ltr'><strong>suerat.</strong></span> <span class='ocrx_word' id='word_1_119' title='bbox 316 2746 383 2811; x_wconf 84' lang='lat' dir='ltr'><strong>Epit.</strong></span> <span class='ocrx_word' id='word_1_120' title='bbox 391 2745 491 2793; x_wconf 81' lang='lat' dir='ltr'><strong>Liviana</strong></span> <span class='ocrx_word' id='word_1_121' title='bbox 502 2755 566 2805; x_wconf 70' lang='lat'><strong>7701</strong></span> <span class='ocrx_word' id='word_1_122' title='bbox 577 2747 618 2805; x_wconf 84' lang='lat'><strong>78.</strong></span> <span class='ocrx_word' id='word_1_123' title='bbox 629 2748 689 2799; x_wconf 76' lang='lat' dir='ltr'><strong>Haec</strong></span> <span class='ocrx_word' id='word_1_124' title='bbox 697 2757 733 2795; x_wconf 87' lang='lat' dir='ltr'><strong>est</strong></span> <span class='ocrx_word' id='word_1_125' title='bbox 778 2747 841 2806; x_wconf 84' lang='lat' dir='ltr'><strong>tult,</strong></span> <span class='ocrx_word' id='word_1_126' title='bbox 850 2757 923 2810; x_wconf 74' lang='lat' dir='ltr'><strong>etque</strong></span> <span class='ocrx_word' id='word_1_127' title='bbox 935 2746 1002 2797; x_wconf 86' lang='lat' dir='ltr'><strong>hunc</strong></span> <span class='ocrx_word' id='word_1_128' title='bbox 1010 2765 1056 2813; x_wconf 74' lang='lat' dir='ltr'><strong>per</strong></span> <span class='ocrx_word' id='word_1_129' title='bbox 1064 2747 1165 2799; x_wconf 74' lang='lat' dir='ltr'><strong>insidias</strong></span> <span class='ocrx_word' id='word_1_130' title='bbox 1177 2759 1294 2799; x_wconf 72' lang='lat' dir='ltr'><strong>necem</strong></span> 
     </span>
     <span class='ocr_line' id='line_1_19' title="bbox 219 2823 1294 2893; baseline 0.002 -17"><span class='ocrx_word' id='word_1_131' title='bbox 219 2830 362 2878; x_wconf 74' lang='lat' dir='ltr'><strong>Graecorum</strong></span> <span class='ocrx_word' id='word_1_132' title='bbox 376 2840 448 2872; x_wconf 84' lang='lat' dir='ltr'><strong>cansa</strong></span> <span class='ocrx_word' id='word_1_133' title='bbox 460 2823 734 2888; x_wconf 77' lang='lat' dir='ltr'><strong>offensionie:popnlus</strong></span> <span class='ocrx_word' id='word_1_134' title='bbox 777 2827 865 2875; x_wconf 88' lang='lat' dir='ltr'><strong>Cicero</strong></span> <span class='ocrx_word' id='word_1_135' title='bbox 879 2826 976 2874; x_wconf 82' lang='lat' dir='ltr'><strong>videtur</strong></span> <span class='ocrx_word' id='word_1_136' title='bbox 988 2826 1112 2886; x_wconf 86' lang='lat' dir='ltr'><strong>indicare,</strong></span> <span class='ocrx_word' id='word_1_137' title='bbox 1124 2844 1203 2893; x_wconf 87' lang='lat' dir='ltr'><strong>qnnm</strong></span> <span class='ocrx_word' id='word_1_138' title='bbox 1216 2829 1252 2876; x_wconf 85' lang='lat' dir='ltr'><strong>ait</strong></span> <span class='ocrx_word' id='word_1_139' title='bbox 1267 2828 1294 2879; x_wconf 86' lang='lat' dir='ltr'><strong>in</strong></span> 
     </span>
     <span class='ocr_line' id='line_1_20' title="bbox 219 2900 1295 2971; baseline 0.002 -18"><span class='ocrx_word' id='word_1_140' title='bbox 219 2921 333 2957; x_wconf 75' lang='lat' dir='ltr'><strong>romanu</strong></span> <span class='ocrx_word' id='word_1_141' title='bbox 356 2904 450 2952; x_wconf 78' lang='lat' dir='ltr'><strong>Graecis</strong></span> <span class='ocrx_word' id='word_1_142' title='bbox 467 2900 574 2949; x_wconf 82' lang='lat' dir='ltr'><strong>subactis</strong></span> <span class='ocrx_word' id='word_1_143' title='bbox 592 2902 734 2967; x_wconf 68' lang='lat' dir='ltr'><strong>permiserat</strong></span> <span class='ocrx_word' id='word_1_144' title='bbox 778 2906 880 2970; x_wconf 82' lang='lat' dir='ltr'><strong>epistola</strong></span> <span class='ocrx_word' id='word_1_145' title='bbox 893 2906 925 2955; x_wconf 90' lang='lat' dir='ltr'><strong>ed</strong></span> <span class='ocrx_word' id='word_1_146' title='bbox 938 2906 1255 2971; x_wconf 67' lang='lat' dir='ltr'><strong>CatonemsuAmlcosqne</strong></span> <span class='ocrx_word' id='word_1_147' title='bbox 1268 2907 1295 2955; x_wconf 83' lang='lat' dir='ltr'><strong>in</strong></span> 
     </span>
     <span class='ocr_line' id='line_1_21' title="bbox 218 2982 1295 3051; baseline 0.003 -19"><span class='ocrx_word' id='word_1_148' title='bbox 218 2990 269 3039; x_wconf 64' lang='lat' dir='ltr'><strong>suis</strong></span> <span class='ocrx_word' id='word_1_149' title='bbox 278 2984 374 3051; x_wconf 75' lang='lat' dir='ltr'><strong>legibue</strong></span> <span class='ocrx_word' id='word_1_150' title='bbox 385 2985 431 3034; x_wconf 84' lang='lat' dir='ltr'><strong>uti.</strong></span> <span class='ocrx_word' id='word_1_151' title='bbox 446 2984 503 3031; x_wconf 87' lang='lat' dir='ltr'><strong>Mos</strong></span> <span class='ocrx_word' id='word_1_152' title='bbox 513 2993 564 3033; x_wconf 82' lang='lat' dir='ltr'><strong>eret</strong></span> <span class='ocrx_word' id='word_1_153' title='bbox 574 2994 654 3031; x_wconf 87' lang='lat' dir='ltr'><strong>autern</strong></span> <span class='ocrx_word' id='word_1_154' title='bbox 668 2982 733 3046; x_wconf 84' lang='lat' dir='ltr'><strong>apud</strong></span> <span class='ocrx_word' id='word_1_155' title='bbox 778 2987 855 3051; x_wconf 78' lang='lat' dir='ltr'><strong>petris</strong></span> <span class='ocrx_word' id='word_1_156' title='bbox 863 2984 982 3047; x_wconf 82' lang='lat' dir='ltr'><strong>ejuslide,</strong></span> <span class='ocrx_word' id='word_1_157' title='bbox 989 2995 1061 3049; x_wconf 78' lang='lat' dir='ltr'><strong>atque</strong></span> <span class='ocrx_word' id='word_1_158' title='bbox 1068 2985 1164 3046; x_wconf 77' lang='lat' dir='ltr'><strong>jndicio</strong></span> <span class='ocrx_word' id='word_1_159' title='bbox 1173 2987 1295 3050; x_wconf 77' lang='lat' dir='ltr'><strong>probatos</strong></span> 
     </span>
     <span class='ocr_line' id='line_1_22' title="bbox 220 3062 1297 3128; baseline -0.003 -12"><span class='ocrx_word' id='word_1_160' title='bbox 220 3082 304 3116; x_wconf 85' lang='lat' dir='ltr'><strong>omncs</strong></span> <span class='ocrx_word' id='word_1_161' title='bbox 318 3062 419 3113; x_wconf 68' lang='lat' dir='ltr'><strong>nnete</strong></span> <span class='ocrx_word' id='word_1_162' title='bbox 431 3062 540 3110; x_wconf 84' lang='lat' dir='ltr'><strong>civitatee</strong></span> <span class='ocrx_word' id='word_1_163' title='bbox 558 3062 671 3111; x_wconf 86' lang='lat' dir='ltr'><strong>Corinthi</strong></span> <span class='ocrx_word' id='word_1_164' title='bbox 690 3064 734 3111; x_wconf 81' lang='lat' dir='ltr'><strong>ha·</strong></span> <span class='ocrx_word' id='word_1_165' title='bbox 778 3066 889 3114; x_wconf 76' lang='lat' dir='ltr'><strong>hortatus</strong></span> <span class='ocrx_word' id='word_1_166' title='bbox 900 3083 967 3123; x_wconf 89' lang='lat' dir='ltr'><strong>snm,</strong></span> <span class='ocrx_word' id='word_1_167' title='bbox 986 3065 1048 3128; x_wconf 83' lang='lat' dir='ltr'><strong>regis</strong></span> <span class='ocrx_word' id='word_1_168' title='bbox 1066 3066 1104 3112; x_wconf 86' lang='lat' dir='ltr'><strong>eui</strong></span> <span class='ocrx_word' id='word_1_169' title='bbox 1117 3066 1208 3125; x_wconf 85' lang='lat' dir='ltr'><strong>vitam,</strong></span> <span class='ocrx_word' id='word_1_170' title='bbox 1227 3066 1297 3115; x_wconf 89' lang='lat' dir='ltr'><strong>docti</strong></span> 
     </span>
     <span class='ocr_line' id='line_1_23' title="bbox 219 3142 1297 3210; baseline 0 -15"><span class='ocrx_word' id='word_1_171' title='bbox 219 3147 277 3197; x_wconf 82' lang='lat' dir='ltr'><strong>bere</strong></span> <span class='ocrx_word' id='word_1_172' title='bbox 294 3154 462 3201; x_wconf 69' lang='lat' dir='ltr'><strong>conventum</strong></span> <span class='ocrx_word' id='word_1_173' title='bbox 478 3142 588 3209; x_wconf 84' lang='lat' dir='ltr'><strong>populns</strong></span> <span class='ocrx_word' id='word_1_174' title='bbox 600 3159 733 3204; x_wconf 77' lang='lat' dir='ltr'><strong>romanus,</strong></span> <span class='ocrx_word' id='word_1_175' title='bbox 780 3164 838 3199; x_wconf 83' lang='lat' dir='ltr'><strong>casn</strong></span> <span class='ocrx_word' id='word_1_176' title='bbox 861 3147 1016 3197; x_wconf 80' lang='lat' dir='ltr'><strong>acerbissimo</strong></span> <span class='ocrx_word' id='word_1_177' title='bbox 1038 3146 1113 3208; x_wconf 80' lang='lat' dir='ltr'><strong>patris</strong></span> <span class='ocrx_word' id='word_1_178' title='bbox 1133 3145 1204 3210; x_wconf 85' lang='lat' dir='ltr'><strong>ejne,</strong></span> <span class='ocrx_word' id='word_1_179' title='bbox 1227 3145 1297 3195; x_wconf 74' lang='lat' dir='ltr'><strong>omni</strong></span> 
     </span>
     <span class='ocr_line' id='line_1_24' title="bbox 221 3222 1296 3287; baseline -0.002 -12"><span class='ocrx_word' id='word_1_180' title='bbox 221 3227 313 3279; x_wconf 75' lang='lat' dir='ltr'><strong>veritus</strong></span> <span class='ocrx_word' id='word_1_181' title='bbox 322 3241 354 3273; x_wconf 88' lang='lat' dir='ltr'><strong>ne</strong></span> <span class='ocrx_word' id='word_1_182' title='bbox 364 3222 490 3275; x_wconf 80' lang='lat' dir='ltr'><strong>communi</strong></span> <span class='ocrx_word' id='word_1_183' title='bbox 501 3223 606 3273; x_wconf 80' lang='lat' dir='ltr'><strong>consilio</strong></span> <span class='ocrx_word' id='word_1_184' title='bbox 618 3222 736 3283; x_wconf 69' lang='lat' dir='ltr'><strong>novitatis</strong></span> <span class='ocrx_word' id='word_1_185' title='bbox 782 3242 839 3275; x_wconf 82' lang='lat' dir='ltr'><strong>cura</strong></span> <span class='ocrx_word' id='word_1_186' title='bbox 852 3224 1011 3287; x_wconf 83' lang='lat' dir='ltr'><strong>custodiaque</strong></span> <span class='ocrx_word' id='word_1_187' title='bbox 1029 3223 1216 3273; x_wconf 70' lang='lat' dir='ltr'><strong>defenderem.</strong></span> <span class='ocrx_word' id='word_1_188' title='bbox 1235 3226 1296 3273; x_wconf 69' lang='lat' dir='ltr'><strong>lin·</strong></span> 
     </span>
     <span class='ocr_line' id='line_1_25' title="bbox 222 3302 1298 3370; baseline -0.007 -10"><span class='ocrx_word' id='word_1_189' title='bbox 222 3305 353 3359; x_wconf 81' lang='lat' dir='ltr'><strong>consilinm</strong></span> <span class='ocrx_word' id='word_1_190' title='bbox 373 3314 517 3367; x_wconf 86' lang='lat' dir='ltr'><strong>caperetur,</strong></span> <span class='ocrx_word' id='word_1_191' title='bbox 537 3304 602 3350; x_wconf 80' lang='lat' dir='ltr'><strong>misit</strong></span> <span class='ocrx_word' id='word_1_192' title='bbox 624 3302 735 3366; x_wconf 72' lang='lat' dir='ltr'><strong>legatos,</strong></span> <span class='ocrx_word' id='word_1_193' title='bbox 781 3306 867 3370; x_wconf 75' lang='lat' dir='ltr'><strong>nysius</strong></span> <span class='ocrx_word' id='word_1_194' title='bbox 880 3304 1003 3355; x_wconf 72' lang='lat' dir='ltr'><strong>Belicam.</strong></span> <span class='ocrx_word' id='word_1_195' title='bbox 1013 3303 1110 3363; x_wconf 83' lang='lat' dir='ltr'><strong>Livius,</strong></span> <span class='ocrx_word' id='word_1_196' title='bbox 1123 3303 1255 3367; x_wconf 71' lang='lat' dir='ltr'><strong>Appianas</strong></span> <span class='ocrx_word' id='word_1_197' title='bbox 1272 3314 1298 3352; x_wconf 85' lang='lat' dir='ltr'><strong>et</strong></span> 
     </span>
     <span class='ocr_line' id='line_1_26' title="bbox 222 3381 1299 3454; baseline -0.005 -16"><span class='ocrx_word' id='word_1_198' title='bbox 222 3390 345 3454; x_wconf 83' lang='lat' dir='ltr'><strong>imperans</strong></span> <span class='ocrx_word' id='word_1_199' title='bbox 360 3397 387 3432; x_wconf 84' lang='lat' dir='ltr'><strong>nt</strong></span> <span class='ocrx_word' id='word_1_200' title='bbox 397 3384 499 3445; x_wconf 80' lang='lat' dir='ltr'><strong>singulae</strong></span> <span class='ocrx_word' id='word_1_201' title='bbox 513 3383 624 3432; x_wconf 72' lang='lat' dir='ltr'><strong>civitatee</strong></span> <span class='ocrx_word' id='word_1_202' title='bbox 636 3381 701 3445; x_wconf 88' lang='lat' dir='ltr'><strong>apud</strong></span> <span class='ocrx_word' id='word_1_203' title='bbox 711 3398 737 3431; x_wconf 84' lang='lat' dir='ltr'><strong>se</strong></span> <span class='ocrx_word' id='word_1_204' title='bbox 781 3385 879 3432; x_wconf 81' lang='lat' dir='ltr'><strong>Tacitus</strong></span> <span class='ocrx_word' id='word_1_205' title='bbox 889 3392 1022 3430; x_wconf 85' lang='lat' dir='ltr'><strong>testantur:</strong></span> <span class='ocrx_word' id='word_1_206' title='bbox 1033 3404 1045 3423; x_wconf 77' lang='grc' dir='ltr'><strong>α</strong></span> <span class='ocrx_word' id='word_1_207' title='bbox 1052 3382 1160 3446; x_wconf 75' lang='lat' dir='ltr'><strong>Regibus</strong></span> <span class='ocrx_word' id='word_1_208' title='bbox 1167 3382 1299 3447; x_wconf 80' lang='lat' dir='ltr'><strong>appelletis</strong></span> 
     </span>
     <span class='ocr_line' id='line_1_27' title="bbox 222 3460 1299 3520; baseline -0.006 -5"><span class='ocrx_word' id='word_1_209' title='bbox 222 3463 386 3517; x_wconf 79' lang='lat' dir='ltr'><strong>concionandi</strong></span> <span class='ocrx_word' id='word_1_210' title='bbox 399 3462 518 3509; x_wconf 77' lang='lat' dir='ltr'><strong>haberent</strong></span> <span class='ocrx_word' id='word_1_211' title='bbox 526 3460 737 3520; x_wconf 84' lang='lat' dir='ltr'><strong>consuetudinem,</strong></span> <span class='ocrx_word' id='word_1_212' title='bbox 782 3474 892 3515; x_wconf 78' lang='lat' dir='ltr'><strong>senatum</strong></span> <span class='ocrx_word' id='word_1_213' title='bbox 902 3462 970 3511; x_wconf 87' lang='lat' dir='ltr'><strong>dono</strong></span> <span class='ocrx_word' id='word_1_214' title='bbox 981 3461 1076 3510; x_wconf 85' lang='lat' dir='ltr'><strong>mittere</strong></span> <span class='ocrx_word' id='word_1_215' title='bbox 1089 3460 1191 3508; x_wconf 81' lang='lat' dir='ltr'><strong>solitum</strong></span> <span class='ocrx_word' id='word_1_216' title='bbox 1199 3477 1299 3510; x_wconf 75' lang='lat' dir='ltr'><strong>eumn</strong></span> 
     </span>
     <span class='ocr_line' id='line_1_28' title="bbox 222 3538 1299 3604; baseline -0.006 -10"><span class='ocrx_word' id='word_1_217' title='bbox 222 3562 268 3594; x_wconf 87' lang='lat' dir='ltr'><strong>nec</strong></span> <span class='ocrx_word' id='word_1_218' title='bbox 281 3544 365 3593; x_wconf 86' lang='lat' dir='ltr'><strong>lic&#39;erct</strong></span> <span class='ocrx_word' id='word_1_219' title='bbox 378 3539 512 3591; x_wconf 84' lang='lat' dir='ltr'><strong>coadunari</strong></span> <span class='ocrx_word' id='word_1_220' title='bbox 526 3540 553 3588; x_wconf 88' lang='lat' dir='ltr'><strong>in</strong></span> <span class='ocrx_word' id='word_1_221' title='bbox 567 3557 643 3591; x_wconf 86' lang='lat' dir='ltr'><strong>unum</strong></span> <span class='ocrx_word' id='word_1_222' title='bbox 662 3541 737 3589; x_wconf 83' lang='lat' dir='ltr'><strong>totins</strong></span> <span class='ocrx_word' id='word_1_223' title='bbox 781 3556 1016 3600; x_wconf 60' lang='lat' dir='ltr'><strong>coronamentum</strong></span> <span class='ocrx_word' id='word_1_224' title='bbox 1025 3550 1148 3604; x_wconf 86' lang='lat' dir='ltr'><strong>pateram,</strong></span> <span class='ocrx_word' id='word_1_225' title='bbox 1161 3538 1246 3589; x_wconf 83' lang='lat' dir='ltr'><strong>sellam</strong></span> <span class='ocrx_word' id='word_1_226' title='bbox 1254 3558 1299 3593; x_wconf 82' lang='lat' dir='ltr'><strong>ee·</strong></span> 
     </span>
     <span class='ocr_line' id='line_1_29' title="bbox 222 3618 1298 3683; baseline -0.002 -12"><span class='ocrx_word' id='word_1_227' title='bbox 222 3623 324 3673; x_wconf 77' lang='lat' dir='ltr'><strong>Graeciae</strong></span> <span class='ocrx_word' id='word_1_228' title='bbox 333 3618 523 3669; x_wconf 82' lang='lat' dir='ltr'><strong>multitudinem.</strong></span> <span class='ocrx_word' id='word_1_229' title='bbox 535 3619 631 3669; x_wconf 70' lang='lat' dir='ltr'><strong>Ennii</strong></span> <span class='ocrx_word' id='word_1_230' title='bbox 640 3620 737 3669; x_wconf 86' lang='lat' dir='ltr'><strong>iracnn·</strong></span> <span class='ocrx_word' id='word_1_231' title='bbox 782 3623 860 3673; x_wconf 81' lang='lat' dir='ltr'><strong>rnlem</strong></span> <span class='ocrx_word' id='word_1_232' title='bbox 871 3621 1019 3681; x_wconf 76' lang='lat' dir='ltr'><strong>eburneam,</strong></span> <span class='ocrx_word' id='word_1_233' title='bbox 1033 3631 1058 3669; x_wconf 84' lang='lat' dir='ltr'><strong>et</strong></span> <span class='ocrx_word' id='word_1_234' title='bbox 1075 3619 1211 3683; x_wconf 79' lang='lat' dir='ltr'><strong>scipionem</strong></span> <span class='ocrx_word' id='word_1_235' title='bbox 1224 3620 1298 3669; x_wconf 58' lang='lat' dir='ltr'><strong>ebusb</strong></span> 
     </span>
     <span class='ocr_line' id='line_1_30' title="bbox 226 3698 1299 3767; baseline -0.001 -16"><span class='ocrx_word' id='word_1_236' title='bbox 226 3705 265 3752; x_wconf 92' lang='lat' dir='ltr'><strong>dia</strong></span> <span class='ocrx_word' id='word_1_237' title='bbox 281 3704 423 3749; x_wconf 81' lang='lat' dir='ltr'><strong>Graecornm</strong></span> <span class='ocrx_word' id='word_1_238' title='bbox 439 3699 528 3759; x_wconf 84' lang='lat' dir='ltr'><strong>turbe,</strong></span> <span class='ocrx_word' id='word_1_239' title='bbox 545 3698 607 3749; x_wconf 89' lang='lat' dir='ltr'><strong>adeo</strong></span> <span class='ocrx_word' id='word_1_240' title='bbox 619 3710 648 3749; x_wconf 87' lang='lat' dir='ltr'><strong>nt</strong></span> <span class='ocrx_word' id='word_1_241' title='bbox 664 3699 738 3767; x_wconf 75' lang='lat' dir='ltr'><strong>legati</strong></span> <span class='ocrx_word' id='word_1_242' title='bbox 782 3718 869 3760; x_wconf 86' lang='lat' dir='ltr'><strong>neum,</strong></span> <span class='ocrx_word' id='word_1_243' title='bbox 885 3713 967 3765; x_wconf 76' lang='lat' dir='ltr'><strong>togam</strong></span> <span class='ocrx_word' id='word_1_244' title='bbox 987 3702 1096 3766; x_wconf 86' lang='lat' dir='ltr'><strong>pintsrn,</strong></span> <span class='ocrx_word' id='word_1_245' title='bbox 1118 3708 1143 3746; x_wconf 82' lang='lat' dir='ltr'><strong>et</strong></span> <span class='ocrx_word' id='word_1_246' title='bbox 1166 3699 1299 3763; x_wconf 70' lang='lat' dir='ltr'><strong>palantem</strong></span> 
     </span>
     <span class='ocr_line' id='line_1_31' title="bbox 226 3778 1300 3843; baseline 0.001 -16"><span class='ocrx_word' id='word_1_247' title='bbox 226 3784 257 3833; x_wconf 85' lang='lat' dir='ltr'><strong>de</strong></span> <span class='ocrx_word' id='word_1_248' title='bbox 272 3781 392 3831; x_wconf 84' lang='lat' dir='ltr'><strong>concione</strong></span> <span class='ocrx_word' id='word_1_249' title='bbox 404 3778 527 3842; x_wconf 82' lang='lat' dir='ltr'><strong>lapidibus</strong></span> <span class='ocrx_word' id='word_1_250' title='bbox 539 3779 604 3842; x_wconf 84' lang='lat' dir='ltr'><strong>pulsi</strong></span> <span class='ocrx_word' id='word_1_251' title='bbox 614 3779 680 3843; x_wconf 88' lang='lat' dir='ltr'><strong>apud</strong></span> <span class='ocrx_word' id='word_1_252' title='bbox 691 3779 738 3826; x_wconf 89' lang='lat' dir='ltr'><strong>ho·</strong></span> <span class='ocrx_word' id='word_1_253' title='bbox 783 3782 889 3833; x_wconf 82' lang='lat' dir='ltr'><strong>tunicam</strong></span> <span class='ocrx_word' id='word_1_254' title='bbox 899 3804 920 3828; x_wconf 76' lang='grc' dir='ltr'><strong>ι.</strong></span> <span class='ocrx_word' id='word_1_255' title='bbox 933 3780 1046 3829; x_wconf 79' lang='lat' dir='ltr'><strong>Valesius</strong></span> <span class='ocrx_word' id='word_1_256' title='bbox 1057 3779 1194 3839; x_wconf 62' lang='lat' dir='ltr'><strong>Mammas,</strong></span> <span class='ocrx_word' id='word_1_257' title='bbox 1208 3780 1254 3829; x_wconf 88' lang='lat' dir='ltr'><strong>llb.</strong></span> <span class='ocrx_word' id='word_1_258' title='bbox 1267 3783 1300 3837; x_wconf 76' lang='lat' dir='ltr'><strong>V,</strong></span> 
     </span>
     <span class='ocr_line' id='line_1_32' title="bbox 227 3859 1299 3928; baseline -0.001 -19"><span class='ocrx_word' id='word_1_259' title='bbox 227 3863 302 3928; x_wconf 82' lang='lat' dir='ltr'><strong>spitee</strong></span> <span class='ocrx_word' id='word_1_260' title='bbox 314 3861 430 3919; x_wconf 81' lang='lat' dir='ltr'><strong>laterent,</strong></span> <span class='ocrx_word' id='word_1_261' title='bbox 442 3869 467 3907; x_wconf 86' lang='lat' dir='ltr'><strong>et</strong></span> <span class='ocrx_word' id='word_1_262' title='bbox 480 3869 553 3907; x_wconf 87' lang='lat' dir='ltr'><strong>nocte</strong></span> <span class='ocrx_word' id='word_1_263' title='bbox 567 3859 678 3922; x_wconf 76' lang='lat' dir='ltr'><strong>ingerent</strong></span> <span class='ocrx_word' id='word_1_264' title='bbox 688 3862 739 3911; x_wconf 80' lang='lat' dir='ltr'><strong>Ro·</strong></span> <span class='ocrx_word' id='word_1_265' title='bbox 783 3877 808 3909; x_wconf 85' lang='lat' dir='ltr'><strong>o.</strong></span> <span class='ocrx_word' id='word_1_266' title='bbox 821 3877 833 3920; x_wconf 74' lang='lat'><strong>¹7</strong></span> <span class='ocrx_word' id='word_1_267' title='bbox 845 3873 852 3907; x_wconf 81' lang='lat' dir='ltr'><strong><em>z</em></strong></span> <span class='ocrx_word' id='word_1_268' title='bbox 862 3860 1089 3909; x_wconf 75' lang='lat' dir='ltr'><strong>«Consuetudinem</strong></span> <span class='ocrx_word' id='word_1_269' title='bbox 1106 3859 1299 3922; x_wconf 75' lang='lat' dir='ltr'><strong>imperator-nn,</strong></span> 
     </span>
     <span class='ocr_line' id='line_1_33' title="bbox 228 3938 1300 4003; baseline 0.003 -17"><span class='ocrx_word' id='word_1_270' title='bbox 228 3959 301 3993; x_wconf 76' lang='lat' dir='ltr'><strong>mam.</strong></span> <span class='ocrx_word' id='word_1_271' title='bbox 312 3943 391 3991; x_wconf 81' lang='lat' dir='ltr'><strong>Iratus</strong></span> <span class='ocrx_word' id='word_1_272' title='bbox 405 3938 512 4002; x_wconf 79' lang='lat' dir='ltr'><strong>populns</strong></span> <span class='ocrx_word' id='word_1_273' title='bbox 525 3955 640 3989; x_wconf 79' lang='lat' dir='ltr'><strong>romanus</strong></span> <span class='ocrx_word' id='word_1_274' title='bbox 653 3939 739 3990; x_wconf 76' lang='lat' dir='ltr'><strong>(lorin-</strong></span> <span class='ocrx_word' id='word_1_275' title='bbox 785 3941 826 4002; x_wconf 89' lang='lat' dir='ltr'><strong>qni</strong></span> <span class='ocrx_word' id='word_1_276' title='bbox 840 3954 920 4001; x_wconf 81' lang='lat' dir='ltr'><strong>regem</strong></span> <span class='ocrx_word' id='word_1_277' title='bbox 934 3940 1039 4003; x_wconf 86' lang='lat' dir='ltr'><strong>aliquem</strong></span> <span class='ocrx_word' id='word_1_278' title='bbox 1047 3938 1300 4003; x_wconf 76' lang='lat' dir='ltr'><strong>appellebant‚luisss</strong></span> 
     </span>
     <span class='ocr_line' id='line_1_34' title="bbox 228 4018 1301 4079; baseline -0.004 -9"><span class='ocrx_word' id='word_1_279' title='bbox 228 4023 297 4071; x_wconf 86' lang='lat' dir='ltr'><strong>thum</strong></span> <span class='ocrx_word' id='word_1_280' title='bbox 309 4018 409 4069; x_wconf 83' lang='lat' dir='ltr'><strong>delevit.</strong></span> <span class='ocrx_word' id='word_1_281' title='bbox 786 4019 876 4076; x_wconf 84' lang='lat' dir='ltr'><strong>docet,</strong></span> <span class='ocrx_word' id='word_1_282' title='bbox 890 4029 919 4065; x_wconf 83' lang='lat' dir='ltr'><strong>nt</strong></span> <span class='ocrx_word' id='word_1_283' title='bbox 940 4035 994 4067; x_wconf 87' lang='lat' dir='ltr'><strong>enm</strong></span> <span class='ocrx_word' id='word_1_284' title='bbox 1015 4019 1042 4066; x_wconf 87' lang='lat' dir='ltr'><strong>ln</strong></span> <span class='ocrx_word' id='word_1_285' title='bbox 1056 4036 1102 4067; x_wconf 84' lang='lat' dir='ltr'><strong>sno</strong></span> <span class='ocrx_word' id='word_1_286' title='bbox 1123 4019 1254 4079; x_wconf 75' lang='lat' dir='ltr'><strong>tribunali,</strong></span> <span class='ocrx_word' id='word_1_287' title='bbox 1271 4035 1301 4067; x_wconf 85' lang='lat' dir='ltr'><strong>ec</strong></span> 
     </span>
    </p>

    <p class='ocr_par' dir='ltr' id='par_1_4' title="bbox 227 4096 1302 4403">
     <span class='ocr_line' id='line_1_35' title="bbox 264 4096 1301 4164; baseline 0.002 -19"><span class='ocrx_word' id='word_1_288' title='bbox 264 4102 290 4161; x_wconf 73' lang='grc'><strong>4.</strong></span> <span class='ocrx_word' id='word_1_289' title='bbox 304 4103 423 4164; x_wconf 59' lang='lat' dir='ltr'><strong>&amp;gamm</strong></span> <span class='ocrx_word' id='word_1_290' title='bbox 442 4097 530 4161; x_wconf 77' lang='lat' dir='ltr'><strong>populi</strong></span> <span class='ocrx_word' id='word_1_291' title='bbox 549 4096 660 4156; x_wconf 81' lang='lat' dir='ltr'><strong>romani,</strong></span> <span class='ocrx_word' id='word_1_292' title='bbox 677 4097 744 4147; x_wconf 79' lang='lat' dir='ltr'><strong>omni</strong></span> <span class='ocrx_word' id='word_1_293' title='bbox 787 4099 844 4147; x_wconf 84' lang='lat' dir='ltr'><strong>sella</strong></span> <span class='ocrx_word' id='word_1_294' title='bbox 856 4098 934 4147; x_wconf 83' lang='lat' dir='ltr'><strong>curuli</strong></span> <span class='ocrx_word' id='word_1_295' title='bbox 948 4098 1123 4148; x_wconf 71' lang='lat' dir='ltr'><strong>collocarent».</strong></span> <span class='ocrx_word' id='word_1_296' title='bbox 1137 4101 1166 4147; x_wconf 90' lang='lat' dir='ltr'><strong>In</strong></span> <span class='ocrx_word' id='word_1_297' title='bbox 1184 4110 1301 4164; x_wconf 72' lang='lat' dir='ltr'><strong>argentee</strong></span> 
     </span>
     <span class='ocr_line' id='line_1_36' title="bbox 227 4176 1301 4244; baseline 0.001 -18"><span class='ocrx_word' id='word_1_298' title='bbox 227 4177 345 4244; x_wconf 73' lang='lat' dir='ltr'><strong>supplicio</strong></span> <span class='ocrx_word' id='word_1_299' title='bbox 355 4177 523 4243; x_wconf 67' lang='lat' dir='ltr'><strong>intersectum,</strong></span> <span class='ocrx_word' id='word_1_300' title='bbox 536 4176 641 4229; x_wconf 80' lang='lat' dir='ltr'><strong>inultum</strong></span> <span class='ocrx_word' id='word_1_301' title='bbox 653 4176 741 4243; x_wconf 75' lang='lat' dir='ltr'><strong>relinq.</strong></span> <span class='ocrx_word' id='word_1_302' title='bbox 786 4178 958 4226; x_wconf 78' lang='lat' dir='ltr'><strong>Ariobarzanis</strong></span> <span class='ocrx_word' id='word_1_303' title='bbox 984 4178 1128 4225; x_wconf 81' lang='lat' dir='ltr'><strong>numismate</strong></span> <span class='ocrx_word' id='word_1_304' title='bbox 1155 4180 1301 4244; x_wconf 76' lang='lat' dir='ltr'><strong>inscriptus!</strong></span> 
     </span>
     <span class='ocr_line' id='line_1_37' title="bbox 230 4254 1301 4319; baseline -0.001 -11"><span class='ocrx_word' id='word_1_305' title='bbox 230 4259 334 4309; x_wconf 75' lang='lat' dir='ltr'><strong>Probae</strong></span> <span class='ocrx_word' id='word_1_306' title='bbox 348 4257 742 4319; x_wconf 76' lang='lat' dir='ltr'><strong>veterilcotione,Grer.melio·</strong></span> <span class='ocrx_word' id='word_1_307' title='bbox 785 4268 835 4317; x_wconf 81' lang='lat' dir='ltr'><strong>est,</strong></span> <span class='ocrx_word' id='word_1_308' title='bbox 864 4260 1019 4306; x_wconf 70' lang='lat' dir='ltr'><strong>nutam.</strong></span> <span class='ocrx_word' id='word_1_309' title='bbox 1045 4254 1301 4311; x_wconf 69' lang='grc' dir='ltr'><strong>ΑΡΙΟΒᾸΡΖΔΝΟΥΣ</strong></span> 
     </span>
     <span class='ocr_line' id='line_1_38' title="bbox 231 4337 1302 4403; baseline 0 -18"><span class='ocrx_word' id='word_1_310' title='bbox 231 4355 281 4389; x_wconf 84' lang='lat' dir='ltr'><strong>rem</strong></span> <span class='ocrx_word' id='word_1_311' title='bbox 291 4355 305 4391; x_wconf 82' lang='lat' dir='ltr'><strong>e</strong></span> <span class='ocrx_word' id='word_1_312' title='bbox 317 4338 380 4387; x_wconf 80' lang='lat' dir='ltr'><strong>MSS</strong></span> <span class='ocrx_word' id='word_1_313' title='bbox 394 4337 469 4389; x_wconf 77' lang='lat' dir='ltr'><strong>dedit.</strong></span> <span class='ocrx_word' id='word_1_314' title='bbox 478 4340 503 4389; x_wconf 81' lang='lat' dir='ltr'><strong>J·</strong></span> <span class='ocrx_word' id='word_1_315' title='bbox 513 4339 544 4389; x_wconf 85' lang='lat' dir='ltr'><strong>V.</strong></span> <span class='ocrx_word' id='word_1_316' title='bbox 555 4338 582 4386; x_wconf 81' lang='lat' dir='ltr'><strong>L.</strong></span> <span class='ocrx_word' id='word_1_317' title='bbox 785 4339 1006 4387; x_wconf 74' lang='lat' dir='ltr'><strong>omornnttor.</strong></span> <span class='ocrx_word' id='word_1_318' title='bbox 1014 4340 1176 4389; x_wconf 64' lang='lat' dir='ltr'><strong>urrunnun</strong></span> <span class='ocrx_word' id='word_1_319' title='bbox 1184 4355 1242 4402; x_wconf 68' lang='lat' dir='ltr'><strong>qna</strong></span> <span class='ocrx_word' id='word_1_320' title='bbox 1249 4339 1302 4403; x_wconf 81' lang='lat' dir='ltr'><strong>qni-</strong></span> 
     </span>
    </p>

    <p class='ocr_par' dir='ltr' id='par_1_5' title="bbox 232 4416 1301 4564">
     <span class='ocr_line' id='line_1_39' title="bbox 266 4416 1301 4482; baseline 0.001 -16"><span class='ocrx_word' id='word_1_321' title='bbox 266 4419 292 4468; x_wconf 74' lang='grc'><strong>5.</strong></span> <span class='ocrx_word' id='word_1_322' title='bbox 307 4418 431 4482; x_wconf 74' lang='lat' dir='ltr'><strong>Expulsus</strong></span> <span class='ocrx_word' id='word_1_323' title='bbox 445 4429 481 4466; x_wconf 81' lang='lat' dir='ltr'><strong>est</strong></span> <span class='ocrx_word' id='word_1_324' title='bbox 496 4417 684 4469; x_wconf 73' lang='lat' dir='ltr'><strong>Ariobarzanes.</strong></span> <span class='ocrx_word' id='word_1_325' title='bbox 698 4420 744 4467; x_wconf 83' lang='lat' dir='ltr'><strong>Pa·</strong></span> <span class='ocrx_word' id='word_1_326' title='bbox 787 4417 843 4468; x_wconf 82' lang='lat' dir='ltr'><strong>dem</strong></span> <span class='ocrx_word' id='word_1_327' title='bbox 857 4416 984 4479; x_wconf 78' lang='lat' dir='ltr'><strong>inscriptio</strong></span> <span class='ocrx_word' id='word_1_328' title='bbox 999 4417 1124 4467; x_wconf 85' lang='lat' dir='ltr'><strong>Ciceronis</strong></span> <span class='ocrx_word' id='word_1_329' title='bbox 1136 4418 1222 4468; x_wconf 80' lang='lat' dir='ltr'><strong>locum</strong></span> <span class='ocrx_word' id='word_1_330' title='bbox 1235 4417 1301 4467; x_wconf 73' lang='lat' dir='ltr'><strong>etet·</strong></span> 
     </span>
     <span class='ocr_line' id='line_1_40' title="bbox 232 4494 961 4564; baseline -0.012 -13"><span class='ocrx_word' id='word_1_331' title='bbox 232 4510 268 4551; x_wconf 83' lang='lat' dir='ltr'><strong>tor</strong></span> <span class='ocrx_word' id='word_1_332' title='bbox 279 4498 344 4561; x_wconf 72' lang='lat' dir='ltr'><strong>ejus,</strong></span> <span class='ocrx_word' id='word_1_333' title='bbox 354 4514 426 4564; x_wconf 77' lang='lat' dir='ltr'><strong>quem</strong></span> <span class='ocrx_word' id='word_1_334' title='bbox 433 4497 564 4564; x_wconf 79' lang='lat' dir='ltr'><strong>Pompeius</strong></span> <span class='ocrx_word' id='word_1_335' title='bbox 575 4509 660 4564; x_wconf 79' lang='lat' dir='ltr'><strong>postes</strong></span> <span class='ocrx_word' id='word_1_336' title='bbox 674 4497 744 4547; x_wconf 80' lang='lat' dir='ltr'><strong>sesti·</strong></span> <span class='ocrx_word' id='word_1_337' title='bbox 787 4494 834 4547; x_wconf 72' lang='lat' dir='ltr'><strong>tiu</strong></span> <span class='ocrx_word' id='word_1_338' title='bbox 847 4494 961 4544; x_wconf 81' lang='lat' dir='ltr'><strong>illustret.</strong></span> 
     </span>
    </p>
   </div>
   <div class='ocr_carea' id='block_1_4' title="bbox 0 0 1366 5198">
    <p class='ocr_par' dir='ltr' id='par_1_6' title="bbox 0 0 1366 5198">
     <span class='ocr_line' id='line_1_41' title="bbox 0 0 1366 5198; baseline 0 0"><span class='ocrx_word' id='word_1_339' title='bbox 0 0 1366 5198; x_wconf 95' lang='lat' dir='ltr'><strong> </strong></span> 
     </span>
    </p>
   </div>
  </div>
 </body>
</html>
