2670 5198
281 364 475 435 ORATIO
499 364 598 432 PRO
623 363 764 433 LEGE
788 365 1023 435 MANILIA.
1145 366 1188 437 3⁶

1173 426 1183 462 l

130 490 240 559 mines
255 511 425 558 romanos
447 484 515 555 hac
537 483 724 582 quondam
744 483 978 576 abstinentia3
997 487 1101 585 quod
1117 490 1191 584 jam

129 595 337 670 nationibus
350 597 480 683 exteris
496 592 727 683 incredibile,
750 619 790 665 ac
808 593 896 666 salso
914 602 1098 667 memorias
1113 623 1194 695 pro·

128 709 243 779 ditum
269 705 470 778 videbatur.
499 708 606 774 Nunc
631 704 773 802 imperii
797 706 905 774 vestri
931 704 1103 802 splendor
1125 708 1194 779 illis

127 816 296 916 gentibus
315 816 432 904 lucet,
454 838 555 885 nunc
571 813 797 911 intelligunt,
812 839 888 885 nou
907 817 985 885 sine
1004 840 1108 887 causa
1123 842 1195 888 ma·

124 927 222 1022 jores
246 949 332 997 suos
358 938 455 1010 tum,
481 946 598 1020 quum
620 921 687 993 hac
711 927 950 1021 temperantia
971 927 1196 1022 magistratus

127 1034 372 1123 habebamus,
393 1033 527 1104 servire
549 1032 688 1131 populo
709 1058 881 1121 romano,
895 1059 1006 1130 quam
1019 1039 1196 1134 imperare

127 1146 223 1235 aliis,
238 1144 510 1216 maluissemus
523 1166 611 1214 vero
625 1143 675 1213 ita
691 1139 812 1214 faciles
830 1142 948 1214 aditus
963 1142 1009 1215 ad
1025 1170 1108 1215 eum
1127 1149 1198 1244 pri-

127 1271 315 1344 vatorum,
339 1256 388 1324 ita
412 1252 532 1325 liberm
557 1254 793 1350 querimoniae
815 1252 860 1324 de
883 1254 1035 1325 aliorum
1058 1256 1198 1350 injuriis

128 1389 204 1438 esse
218 1365 409 1449 dicuntum
425 1377 467 1432 ut
479 1365 527 1450 is,
541 1364 603 1459 qui
619 1361 793 1460 dignitate
807 1363 1034 1461 principibus
1046 1365 1199 1452 excellit,

128 1473 298 1545 facilitate
317 1497 383 1571 par
396 1469 530 1542 infimis
544 1496 620 1543 esse
633 1470 808 1542 videatur.
823 1477 899 1542 Jam
919 1489 1096 1570 quantum
1110 1500 1199 1546 eon·

130 1582 245 1670 silio9,
269 1596 448 1681 quantum
471 1580 614 1652 dicendi
637 1582 809 1678 gravitate
831 1597 867 1652 et
887 1584 990 1681 copia
1007 1585 1141 1669 valeat,
1160 1589 1199 1655 in

134 1718 203 1790 quo
235 1694 317 1790 ipso
345 1693 438 1762 inest
465 1691 632 1789 quaedam
659 1690 814 1788 dignitas
841 1692 1090 1789 imperatoria,
1116 1720 1199 1782 vos,

132 1800 390 1893 Quirites,hoc
406 1801 486 1897 ipso
503 1803 541 1870 iu
559 1799 641 1870 loco
659 1824 753 1897 saepe
771 1803 964 1896 cognostis.
972 1800 1095 1874 Fidem
1112 1830 1199 1876 vero

133 1913 207 2008 ejus
236 1914 333 1982 iuter
356 1913 474 1982 socios
500 1924 673 2006 quantam
700 1910 895 1980 existimari
918 1914 1072 2009 putatis,
1091 1939 1201 2011 quam

134 2021 253 2094 hostes
269 2021 435 2092 omniurn
449 2021 612 2118 gentium
624 2030 655 2095 ¹9
667 2020 926 2090 sanctissimam
937 2019 1136 2115 judicarint
1147 2034 1174 2067 ¹¹
1189 2024 1204 2092 l

135 2133 363 2204 immanitate
373 2130 446 2225 jam
461 2144 559 2201 tanta
573 2144 647 2215 est,
665 2143 706 2200 ut
721 2127 865 2200 difficile
879 2128 979 2201 dictu
993 2131 1058 2218 sit,
1075 2146 1200 2215 utrum
1254 2176 1257 2181 ·

135 2243 254 2315 hostes
281 2242 394 2339 magis
420 2242 632 2310 virtutem¹²
664 2239 740 2334 ejus
766 2253 970 2336 pugnantes
994 2244 1199 2326 timuerint,

135 2378 176 2425 an
195 2349 512 2424 mansuetudinem
534 2352 618 2420 victi
637 2348 838 2420 dilexerint.
857 2353 902 2420 Et
925 2352 1117 2448 quisquam
1137 2351 1203 2422 du·

135 2461 282 2547 bitabit,
299 2463 388 2560 quin
413 2460 499 2531 huic
517 2473 658 2532 tantum
677 2460 815 2532 bellum
837 2461 1154 2533 transmittendum
1170 2460 1201 2505 ¹³

136 2575 199 2658 sit,
218 2574 284 2671 qui
302 2570 347 2642 ad
365 2572 485 2642 omnia
508 2587 640 2643 uostrae
665 2574 847 2643 memorias
862 2572 957 2645 bella
975 2573 1201 2645 conficienda

137 2682 257 2754 divino
275 2680 435 2779 quodam
455 2681 604 2753 consilio
623 2695 730 2752 natus
753 2707 829 2754 esse
848 2682 1029 2755 videatur?

180 2797 259 2864 XV.
275 2794 340 2879 Et,
353 2795 525 2888 quoniam
540 2792 755 2862 auctoritas¹
771 2791 925 2861 multum
942 2792 1096 2862 inbellis
1111 2816 1202 2887 qno·

138 2928 206 3000 que
220 2899 512 2973 administrandis
525 2915 635 2998 atque
649 2902 803 2999 imperio
819 2901 962 2970 militari
976 2900 1089 2983 valet;
1106 2914 1203 2971 certe

139 3015 272 3087 nemini
299 3010 452 3084 dubium
472 3026 547 3097 est,
576 3013 666 3108 quin
690 3036 730 3082 ea
755 3037 792 3082 re
811 3011 906 3081 idem
928 3010 987 3081 illc
1007 3012 1204 3107 imperator

139 3228 219 3293 potins
231 3226 312 3275 oculis
322 3226 412 3274 nostris
421 3240 494 3289 quam
505 3222 612 3282 auribus,
624 3234 649 3271 et
731 3240 770 3271 ιι.
784 3223 931 3270 ludicariat.
948 3224 1033 3270 Piratm
1047 3222 1090 3285 qni
1103 3237 1155 3268 mc
1169 3222 1205 3269 illi

139 3308 258 3357 connati·
271 3306 381 3370 exempla
395 3305 567 3352 invaluerant·
693 3303 859 3359 tradiderunt,
868 3301 957 3350 hostile
968 3302 1028 3348 nibil
1039 3302 1159 3349 timentes.

173 3383 507 3450 9.Jamquantcmconsilio.
515 3384 649 3432 Consilium
733 3398 771 3431 ra.
800 3382 927 3429 Virtutem.
953 3381 1062 3429 Bellandi
1091 3381 1204 3428 virtutem

140 3465 178 3513 ltic
194 3465 318 3530 appellnt,
336 3465 404 3529 quod
422 3480 495 3527 snpra
509 3463 648 3526 ingenium,
693 3461 820 3526 significat.

140 3546 241 3609 gravitas
254 3546 320 3593 enim
333 3555 358 3592 et
370 3544 441 3607 copia
455 3542 553 3590 dicendi
566 3542 597 3590 ab
611 3542 649 3589 in·
733 3542 771 3589 13.
790 3539 1016 3586 Transmittendum.
1030 3536 1060 3584 ld
1074 3547 1124 3594 eat,
1138 3536 1205 3583 dele·

141 3627 210 3688 genio
221 3626 327 3673 maxime
339 3623 512 3688 proficiscitur.
531 3621 578 3670 Sed
592 3623 649 3684 quis
693 3619 795 3666 rendum
813 3619 853 3667 sit.
871 3622 927 3666 Hoc
941 3618 1016 3666 verbo
1031 3633 1090 3664 usus
1106 3625 1143 3662 est
1156 3616 1206 3662 for-

140 3705 190 3752 sinc
200 3705 305 3752 consilio
315 3716 388 3767 atque
399 3702 529 3767 prudentia
539 3701 601 3748 nihil
610 3699 648 3757 lit,
694 3711 769 3756 tasse,
777 3698 858 3745 habita
868 3697 973 3744 absentis
981 3696 1089 3759 Pompeii
1101 3696 1206 3752 ratione,

141 3782 196 3831 ideo
215 3783 345 3830 consilium
366 3785 464 3829 vocavit
483 3781 513 3828 ad
535 3782 650 3840 majorem
696 3779 734 3825 cui
748 3777 817 3840 qnasi
829 3776 894 3823 mitti
909 3776 1000 3823 bellum
1013 3774 1205 3822 Mithridaticum

141 3864 249 3928 Pompeii
264 3862 369 3911 landem.
391 3861 516 3925 Ingenium
529 3861 594 3908 enim
608 3874 649 3906 na·
695 3868 801 3921 oportet.

143 3952 201 3989 turae
219 3942 314 3989 bonum
337 3953 389 4001 est,
406 3955 456 3996 non
476 3939 607 3987 voluntatis
628 3949 652 3985 et
732 3931 1207 3996 XV.1.Auetoritas.lloolocognvis

143 4021 275 4070 industria.
697 4015 783 4079 opinio
796 4015 826 4062 de
838 4015 940 4074 alicujus
952 4013 1068 4077 singulari
1081 4012 1169 4059 virtute
1182 4026 1209 4055 ac

181 4116 218 4148 10.
225 4099 285 4148 ate
295 4100 492 4169 MSSgen‘erum.
500 4098 557 4144 Non
564 4096 651 4160 placet.
698 4094 864 4158 magnitudine
874 4103 1000 4156 concepta.
