2670 5198
204 381 401 453 ORATIO
426 381 527 448 PRO
552 379 686 449 LEGE
711 379 958 451 MANILIA.
1077 378 1118 448 13

67 508 246 578 certissima
265 501 396 602 populi
412 502 555 573 romani
575 501 764 597 vectigalia
788 515 826 572 et
844 502 1019 590 maxima,
1039 505 1122 599 qui-

64 613 288 701 busamissis,
306 628 343 684 et
362 612 462 711 pacis
481 624 710 698 ornamenta,
731 626 767 683 et
787 610 948 683 subsidia
964 610 1052 683 belli
1064 637 1123 684 re-

62 727 219 823 quiretis3
239 737 400 821 aguntur
412 721 512 794 bonu
530 720 732 793 multorum
752 723 901 809 civium,
918 719 1053 819 quibus
1069 737 1124 794 est
1216 745 1225 760 ·

61 835 256 924 avobis,et
267 838 497 932 ipsorum,et
507 829 716 928 reipublicae
727 855 834 902 causa
846 832 1123 904 consulendum.

101 951 161 1019 lll.
180 948 228 1019 Et
248 943 427 1041 quoniam
453 965 597 1039 semper
614 955 828 1040 appetentes
855 942 977 1039 glorioe
997 959 1128 1041 praeter

58 1071 187 1129 ceteras
221 1067 371 1152 gentes,
403 1067 514 1148 utque
541 1051 635 1123 avidi
665 1049 780 1123 leudis
806 1051 943 1141 fuistis,
974 1053 1129 1129 delenda

59 1165 156 1239 vobis
178 1180 234 1239 est
257 1164 321 1236 illa
347 1163 508 1248 macula,
527 1161 773 1236 Mithridatico
794 1162 917 1235 bello¹
942 1169 1130 1263 superiore

57 1290 241 1375 susceptu
258 1299 341 1373 quae
362 1275 507 1372 penitus
531 1273 607 1368 jam
633 1271 769 1345 insedit
789 1287 898 1370 atque
917 1276 1131 1345 inveteravit

56 1390 90 1458 in
110 1386 237 1485 populi
255 1385 398 1457 romani
417 1386 568 1454 nomine
582 1411 590 1453 ε
605 1381 707 1478 quod
720 1383 750 1453 is
759 1413 771 1466 ·,
790 1385 854 1479 qui
869 1407 945 1454 uno
959 1382 1037 1471 die,
1054 1396 1131 1454 tota

56 1501 171 1582 lsia’,
191 1510 248 1569 tot
265 1497 303 1569 in
321 1493 541 1579 civitatibus,
563 1517 640 1565 uno
660 1494 810 1580 nuntio,
828 1506 939 1591 atque
959 1518 1032 1564 una
1050 1493 1128 1566 lite·

55 1631 176 1683 rarum
204 1603 468 1705 significatione
494 1605 589 1675 cives
611 1628 783 1675 romanos
810 1603 995 1675 necandos
1016 1606 1130 1677 truci·

58 1716 273 1814 dandosque
290 1715 496 1803 denotavit,
521 1741 597 1786 non
619 1713 731 1786 modo
753 1714 874 1786 adhuc
888 1740 1034 1813 poenam
1051 1717 1134 1788 nul·

58 1826 128 1900 lam
143 1851 213 1900 suo
230 1826 379 1928 dignam
398 1825 533 1898 scelere
551 1826 728 1922 suscepit,
750 1824 814 1897 sed
831 1824 955 1896 abillo
971 1841 1135 1926 tempore

58 1962 196 2011 anuum
218 1939 294 2035 jam
316 1939 465 2008 tertium
488 1950 525 2007 et
545 1936 754 2010 vicesimum
776 1949 922 2032 regnan
945 1951 981 2008 et
1005 1939 1055 2009 ito
1076 1962 1134 2013 re·

58 2044 186 2144 gnat³,
203 2062 243 2119 ut
256 2071 296 2119 se
314 2071 390 2121 non
409 2052 527 2119 Ponto
536 2044 564 2132 ⁴,
580 2071 701 2143 neque
718 2043 972 2143 Cappadociae⁵
987 2047 1137 2120 latebris

60 2156 243 2231 occultare
264 2157 372 2242 velit,
397 2154 460 2227 sed
483 2180 667 2252 emergere
688 2180 709 2228 e
732 2159 849 2253 patrio
873 2181 1006 2254 regno,
1027 2173 1138 2256 etque

61 2269 99 2341 in
117 2271 245 2339 vestris
262 2265 520 2364 vectigalibus,
544 2265 614 2339 hoc
635 2281 707 2352 est,
727 2267 763 2336 in
788 2269 877 2339 Asiae
895 2265 977 2339 luce
994 2272 1138 2341 versari.

63 2380 208 2451 Etenim
226 2375 348 2451 adhuc
369 2377 420 2447 ita
436 2380 546 2449 vestri
568 2399 653 2449 cum
677 2376 740 2447 illo
765 2402 851 2475 rege
870 2378 1140 2451 contenderunt

98 2542 147 2588 m.
158 2556 180 2587 r.
188 2540 256 2588 Bello
265 2539 398 2604 superiore.
410 2538 485 2601 Quod
492 2538 580 2587 instuu-
625 2553 676 2588 tum
688 2540 771 2588 orbem
782 2542 909 2605 cognitum
922 2542 1079 2591 insinusbent
1094 2545 1139 2592 sub

64 2630 145 2668 retum
155 2629 192 2667 est
206 2620 239 2682 Q.
251 2619 384 2682 Pompeio,
394 2620 421 2666 L.
438 2618 505 2666 Sulla
515 2634 579 2666 coss.
625 2617 710 2667 umbre
720 2631 878 2668 mercaturam
888 2620 1005 2680 faciendi,
1013 2622 1055 2669 sed
1062 2623 1140 2688 reipsa

65 2700 131 2748 Bur
152 2698 225 2749 initio
238 2700 292 2759 ejus
303 2697 362 2747 belli
378 2696 534 2747 Mithridates
549 2699 582 2760 Q.
628 2709 655 2745 ut
668 2699 824 2745 occasionem
832 2698 988 2762 explorarent
1002 2702 1083 2748 omnis
1093 2703 1141 2749 mi·

65 2778 177 2842 Oppium
192 2777 378 2842 proconsulem,
394 2788 422 2826 ut
442 2775 529 2827 Florus
541 2791 584 2840 tp·
627 2775 727 2834 scendi,
748 2776 811 2823 belle
830 2777 894 2823 lnter
907 2778 1014 2841 populos
1031 2781 1143 2842 serendi,

66 2857 157 2921 pellet,
175 2867 369 2921 pmproetorem,
393 2865 421 2903 ut
441 2855 584 2919 Appianas,
628 2855 689 2902 utos
710 2854 764 2903 eliis
784 2866 953 2918 opponentes,
977 2868 1001 2904 et
1025 2860 1143 2921 sanguine

67 2936 147 3001 cepit,
160 2946 184 2982 et
204 2937 230 2983 iu
244 2934 342 2983 vincula
360 2935 474 2995 conjecit.
488 2935 584 2984 ld'.eu·
628 2935 708 2982 alieno
717 2944 786 2998 perte
795 2934 1023 2993 victorls,vietores
1032 2947 1057 2984 et
1065 2938 1144 2986 victos

68 3013 262 3077 renAquillium
271 3013 397 3079 ceptivunr
407 3029 506 3077 quoque
516 3015 585 3062 esino
628 3031 676 3063 une
690 3014 759 3062 elude
777 3015 867 3062 mixtos
880 3015 1019 3079 spoliabunt
1032 3017 1143 3081 penitus·

67 3092 215 3143 induem
238 3094 381 3156 Pomm
401 3109 478 3156 nsque
495 3092 586 3143 deduci
629 3092 821 3158 quenudebaut.

67 3172 154 3233 jussit,
172 3183 299 3236 preeunte
317 3187 430 3236 ptuooue
447 3182 472 3221 et
491 3172 588 3235 proch-
669 3177 693 3222 3.
713 3177 824 3238 Regnat,
840 3186 864 3220 et
886 3173 922 3220 itu
942 3188 1037 3240 regnat.
1058 3177 1144 3242 Figura

69 3260 153 3301 ante
168 3249 253 3299 edesse
271 3251 318 3300 Μ’.
333 3250 483 3315 Aquillium,
503 3252 587 3314 eique,
631 3253 778 3301 exornanda
790 3252 893 3301 simulet
904 3254 1082 3318 amplificandus
1092 3274 1147 3305 on·

69 3332 247 3394 utPepmun
255 3330 424 3386 veniturum
431 3329 588 3394 liquefactum
632 3333 720 3387 tionis,
731 3341 759 3379 ut
779 3331 841 3377 infra
852 3329 883 3377 de
898 3332 1001 3380 Lucullo
1012 3334 1105 3383 dicam.
1117 3370 1141 3385 ..

70 3412 96 3459 iu
108 3425 141 3459 (Ι
153 3409 250 3459 intrudi
261 3409 347 3470 iussin
368 3408 489 3472 prosectis
500 3408 588 3457 deiude
632 3410 701 3458 etita
711 3409 806 3467 dicam,
820 3421 861 3466 ut,
873 3420 920 3459 etc.

71 3490 140 3537 Asiae
161 3489 283 3537 universis
304 3489 443 3547 mandevit,
461 3501 505 3549 ut,
526 3491 588 3537 intra
669 3499 693 3547 4.
705 3491 736 3537 Se
748 3505 798 3535 non
807 3491 894 3536 Ponto.
909 3490 1001 3539 Erfurt.
1010 3493 1092 3542 Ponti.

71 3567 140 3617 diem
153 3569 320 3633 ffigulmum,
338 3570 462 3617 Romanos
476 3580 500 3616 et
513 3570 589 3617 ltelos
670 3569 694 3618 5.
708 3567 871 3632 Cappadocem
885 3568 990 3617 latebris.
1004 3572 1069 3633 Quia
1087 3588 1148 3635 gen-

71 3647 196 3697 omuesed
205 3663 297 3705 unum,
307 3646 388 3706 viros,
398 3647 523 3704 mulieres,
531 3663 590 3710 pue·
634 3651 695 3696 tium
709 3649 874 3698 universorum
883 3686 891 3711 ,
899 3665 954 3712 quae
964 3652 1069 3697 Pontum
1077 3666 1149 3699 ecco·

72 3743 114 3775 roe
126 3726 292 3783 trucidarent,
304 3736 329 3774 et
342 3741 446 3790 corpore
460 3742 544 3775 eorum
556 3726 591 3773 le-
635 3729 702 3789 lunt,
724 3728 880 3793 Cappadocia
904 3731 1007 3775 maxime
1029 3730 1150 3778 introrsus

72 3804 359 3874 mutilarent-Occisa
368 3808 459 3857 civium
477 3821 589 3856 romano·
633 3808 733 3856 recedit.
749 3806 843 3855 Weisl.
863 3808 1009 3869 conjiciebat
1033 3808 1147 3865 tenebris,

73 3899 129 3932 rum
143 3895 241 3935 centum
255 3885 431 3949 quinquaginta
444 3886 520 3934 millio
534 3886 591 3934 l’lu·
635 3904 686 3951 quo
695 3888 727 3935 sit
738 3888 864 3952 oppositio
879 3889 1011 3937 venustior.
1031 3889 1070 3936 Sic
1083 3892 1151 3940 ont

74 3963 175 4011 teuchus
194 3965 220 4011 iu
236 3964 287 4012 rite
300 3963 376 4013 Sulla
397 3965 496 4023 scribit,
510 3966 591 4014 Veler.
636 3968 661 4013 ll
674 3966 699 4013 iu
713 3966 813 4014 llullum
825 3967 936 4016 Tullius:
955 3991 967 4009 a
976 3970 1003 4014 ln
1017 3968 1153 4032 Paphlago·

73 4041 179 4092 neuim
190 4043 319 4106 octogiuta
332 4042 416 4095 millis.
639 4046 687 4093 niu
714 4045 820 4093 tenebris
840 4057 913 4110 etque
941 4048 965 4095 ln
990 4047 1153 4110 Ceppedociu

110 4138 139 4169 ι.
162 4123 225 4171 Tota
243 4120 315 4172 Λεία.
332 4123 438 4175 Ruteni
452 4139 503 4173 sees
516 4124 542 4172 iu
556 4135 594 4172 to·
642 4124 801 4173 solitudinen.
