2670 5198
23 766 48 835 o·

355 766 755 837 ARGUMENTUM.

99 890 135 945 lu
151 884 273 945 exordio
287 905 388 946 causas
405 888 542 965 exponit,
565 907 632 966 quae
653 908 720 957 eum
739 888 897 965 quominus
914 889 1015 950 adhoc
1030 875 1138 951 com

60 985 171 1062 populo
184 1003 239 1063 pro
254 986 368 1044 Rostris
379 997 489 1062 ageret,
508 983 729 1063 prohibuerint,
742 1003 806 1063 cap.
822 1005 848 1042 ι.

99 1080 213 1140 Deinde
229 1082 369 1141 orationis
382 1095 585 1159 argumentum
600 1082 640 1140 ita
653 1082 789 1161 partitur,
803 1094 837 1141 ut
852 1083 984 1160 primum
999 1085 1040 1146 de
1052 1086 1122 1165 ge
1131 1088 1157 1103 ”

59 1198 127 1235 nere
141 1176 212 1237 belli
224 1223 232 1249 ,
246 1178 351 1239 deinde
367 1178 403 1237 de
418 1182 632 1256 magnitudine,
646 1192 794 1257 postremo
807 1179 845 1239 de
857 1181 1038 1258 rirtperatnre
1051 1180 1107 1244 de
1116 1191 1157 1206 ‘

62 1275 179 1354 ligando
196 1276 252 1336 sihi
273 1276 427 1337 dicendum
446 1298 508 1336 esse
522 1277 709 1336 demonstret.

100 1381 143 1435 he
164 1398 255 1454 genus
276 1378 393 1456 quidem
420 1375 490 1437 belli
506 1377 649 1455 ejusmodi
674 1397 735 1437 esse
751 1377 839 1450 dicit,
862 1379 939 1438 utin
953 1401 992 1440 eo
1007 1379 1157 1461 gloria·

59 1475 161 1553 populi
180 1474 293 1534 romani
319 1494 352 1534 ac
376 1474 500 1553 dignitas
523 1475 656 1552 imperii,
681 1475 745 1550 3·5;
771 1473 878 1534 deinde
901 1477 985 1537 salos
1006 1481 1157 1538 socio‘

59 1590 144 1643 rum3
167 1571 318 1650 vectigalia
338 1571 441 1650 populi
464 1571 577 1630 romani
602 1571 780 1643 certissima,
808 1571 841 1645 6;
853 1570 1001 1651 denique
1021 1574 1130 1634 hona

59 1668 294 1748 publicanorum,
311 1668 526 1745 negotiatorum
542 1682 571 1727 et
587 1667 754 1727 aliorum
729 1667 838 1726 civium
857 1688 1056 1730 romanorum
1071 1675 1125 1731 in

62 1767 132 1825 Asia
146 1765 303 1825 viventium
321 1778 456 1842 agantur,
471 1787 500 1838 7.

99 1868 133 1921 ln
160 1864 354 1939 magnitudine
373 1861 443 1920 belli
456 1861 647 1932 declaranda,
669 1862 796 1940 primum
818 1862 938 1941 quidem
964 1869 1123 1944 agnoseit

61 1961 166 2019 multas
179 1958 300 2016 Lucullo
311 1957 411 2017 laudes
423 1959 506 2017 fortis
517 1958 583 2028 viri,
594 1952 733 2036 sapientis
750 1959 876 2020 hominis
888 1974 919 2020 et
931 1964 1036 2044 magni
1049 1964 1121 2021 im-

60 2055 203 2137 peratoris
218 2055 333 2130 deberi,
356 2070 451 2116 tamen
471 2072 621 2136 superesse
637 2055 765 2129 bellum,
788 2069 821 2116 nt
840 2077 946 2131 genere
959 2080 1115 2120 necessa-

60 2156 153 2228 rium,
169 2155 211 2213 sic
233 2152 430 2231 magnitudine
449 2154 662 2232 periculosum,
686 2155 797 2233 quippe
812 2152 894 2232 qnod
914 2155 1113 2237 conjungant

60 2272 141 2330 reges
163 2251 354 2331 potentissimi
376 2251 561 2310 Mithridates
581 2271 615 2309 ac
634 2252 790 2327 Tigtmes,
819 2264 963 2311 renovent
979 2255 1109 2333 agitatae

59 2349 212 2418 nationes,
240 2347 398 2424 suscipiant
418 2347 537 2422 integrm
556 2359 670 2424 gentes,
696 2345 826 2404 nondum
840 2345 919 2406 bello
932 2348 1105 2422 lacessitae,

60 2464 154 2502 novus
169 2445 328 2522 imperator
339 2461 476 2500 romanus
488 2441 626 2519 accipiat,
638 2455 737 2500 vetere
748 2443 832 2521 pulso
843 2444 992 2515 exercitu,
1008 2448 1043 2516 8,
1053 2469 1081 2524 9.

97 2546 161 2600 Jam
180 2539 291 2599 aceedit
312 2552 412 2597 orator
436 2538 474 2597 ad
494 2539 684 2648 questionem
705 2538 773 2597 de'
766 2553 960 2617 imperatore,
975 2541 1015 2601 ad
1037 2544 1099 2603 hoc

14 2637 166 2723 :bellum
163 2634 345 2733 ..deligendm
360 2642 644 2712 Quatuorresquum
658 2636 686 2693 in
695 2635 870 2714 imperatore
883 2638 1090 2716 requirantur:

28 2790 37 2806 ,
36 2707 176 2823 solstitii
186 2754 230 2836 rea
222 2729 393 2814 militaris,
414 2733 521 2800 virtus,
542 2732 712 2805 auctoritas,
734 2734 869 2806 felicitas,
862 2754 932 2793 ·eas
947 2755 1050 2796 omnes
1063 2740 1093 2797 in

43 2805 225 2949 ‚Poqtpeih'
217 2852 278 2891 esse
273 2826 431 2890 ostendit.

8 2975 17 2991 .
38 2945 112 3007 :ta
96 2913 294 3008 nictantem
309 2935 352 2988 rei
369 2933 516 2998 utilitates,-
541 2929 604 2988 ab
597 2944 714 2989 ineunte
731 2932 807 2989 enirn
823 2943 905 2990 aetate
916 2904 1092 3012 Pompeiuin

57 3030 230 3140 ppqalienis
245 3028 412 3136 praeceptis,
436 3027 486 3084 sed
506 3026 565 3085 suis
578 3026 707 3106 imperiis
723 3027 759 3085 ad
774 3047 836 3086 eant
853 3028 1002 3088 scientiam
1020 3052 1092 3090 eru-

34 3131 44 3147 '
58 3112 155 3202 ditastis
163 3101 238 3200 issd,
252 3138 283 3183 et
296 3124 383 3183 variis
397 3144 431 3183 ac
446 3124 568 3183 diversis
579 3124 733 3202 generibus
746 3123 889 3184 bellorum
904 3124 941 3183 ab
954 3146 993 3185 eo
1004 3132 1093 3205 gestis

56 3227 165 3284 nullam
181 3245 240 3283 rem
257 3243 319 3282 esse
332 3222 500 3281 declarari
493 3242 522 3279 ιιι
540 3242 595 3280 usu
611 3222 728 3280 militari
751 3223 891 3299 positam,
911 3243 977 3300 quae
1002 3225 1092 3304 hujus

59 3323 114 3380 viri
130 3322 280 3380 scientiam
297 3321 397 3397 fugere
410 3319 521 3397 possit,
540 3338 587 3375 to.

96 3439 122 3475 n.
136 3420 239 3472 Virtuti
247 3426 343 3473 autem
353 3415 484 3493 Pompeii
492 3434 592 3492 parem
605 3435 665 3472 nou
680 3435 764 3493 posse
775 3417 936 3475 orationem
947 3416 1091 3492 inveniri3

55 3513 205 3574 nonenim
223 3512 317 3573 solum
332 3515 478 3591 egregium
494 3512 524 3569 in
539 3532 575 3570 eo
588 3532 650 3571 esse
667 3513 798 3573 laborem
813 3514 842 3572 in
855 3516 985 3591 negotio,
1008 3517 1093 3576 forti·

57 3613 186 3673 tudinem
198 3611 227 3668 in
241 3610 389 3689 periculis,
405 3610 577 3669 industriam
586 3611 617 3669 iu
631 3611 742 3689 agendo
753 3656 761 3682 ,
772 3612 947 3671 celeritatem
959 3613 988 3671 in
1000 3616 1093 3673 conli-

54 3709 174 3780 ciendo‚
192 3706 343 3765 consilium
364 3707 393 3762 in
408 3705 607 3783 providendo,
625 3727 680 3777 ιι,
698 3725 752 3777 ιι;
770 3708 820 3764 sed
841 3708 926 3765 etiam
946 3728 1091 3769 summam

56 3805 264 3876 innocentiam,
285 3803 525 3881 temperantiam,
540 3801 644 3873 fidem,
662 3803 838 3872 felicitatem,
850 3804 1010 3881 ingenium,
1029 3807 1090 3865 ie.

55 3903 171 3962 dicendi
186 3902 356 3979 gravitatem
373 3915 402 3957 et
416 3899 545 3975 copiam,
561 3898 785 3971 humanitatem,
804 3902 856 3971 13,
872 3892 915 3968 ιι.

94 4003 120 4058 3.
138 4006 284 4059 Summam
297 3999 560 4075 ejttsaoctoritotem
573 4017 634 4055 esse
649 3997 746 4054 multis
762 3996 850 4056 rebus
863 3998 951 4076 gestis
960 4001 1090 4077 magnis-

54 4116 111 4173 que
126 4096 229 4174 populi
244 4096 355 4155 romani
367 4094 484 4171 judiciis
499 4093 718 4171 amplificatam,
737 4115 801 4170 quae
813 4096 890 4174 apud
904 4117 987 4175 reges
998 4111 1029 4155 et
1040 4120 1090 4157 ex·

54 4205 129 4250 teras
141 4192 271 4249 nationes
282 4192 428 4269 praecipue
442 4192 479 4248 sit
491 4192 629 4262 valitura,
644 4192 688 4251 15.

93 4297 120 4356 4.
145 4287 278 4363 Denique
283 4288 450 4360 felicitatem
464 4289 527 4364 ejus
544 4303 651 4348 tantam
674 4290 769 4350 adhuc
785 4291 889 4361 luisse,
904 4289 991 4349 rebus
1006 4290 1087 4351 domi

51 4384 235 4460 militiaeque,
260 4394 336 4441 terra
355 4386 485 4460 marique
499 4385 600 4459 gestis,
624 4398 654 4442 ut
670 4385 731 4462 ejus
751 4406 866 4463 semper
886 4387 1089 4448 voluntatibus
