2670 5198
82 25 286 343 Ι
1099 306 1105 313 Ο

1125 388 1133 403 ,,

84 820 85 823 ,
136 774 179 820 10
453 754 502 821 M.
528 755 566 822 T.
594 756 888 826 CICERONIS

133 887 425 969 statueremque,
453 872 543 944 nibil
576 874 669 963 huc,
707 879 775 961 nisi
806 873 1008 974 perfectum
1037 880 1213 978 ingenio,

136 979 361 1053 elaboratum
384 982 582 1073 industria,
603 983 725 1057 afferri
743 1000 935 1084 oportere;
954 1010 1063 1059 omne
1081 1014 1211 1063 meum

132 1090 280 1189 'tempus
296 1092 497 1164 amicorum
519 1093 775 1192 temporibusl
797 1096 1118 1170 transmittendum
1138 1125 1211 1199 pu-

95 1204 101 1217 '
133 1203 216 1274 tavi.
240 1207 295 1275 Ita
319 1228 441 1301 neque
467 1203 526 1275 hic
554 1204 656 1276 locus
682 1230 817 1278 vacuus
842 1231 1018 1305 umquam
1045 1207 1140 1280 fuit⁵
1162 1209 1211 1283 ab

132 1312 194 1403 iis,
214 1313 279 1410 qui
296 1328 452 1385 vestrum
470 1336 614 1385 causam
636 1312 893 1403 defenderent3
913 1330 949 1387 et
966 1341 1072 1389 meus
1090 1317 1211 1407 labor,

131 1423 169 1493 in
192 1422 414 1521 privatorum
441 1423 612 1519 periculis
638 1422 760 1496 caste6
784 1428 1000 1523 integreque
1022 1443 1212 1516 versatus,

131 1558 177 1604 ex
207 1548 328 1604 vestro
358 1531 496 1628 judicio
523 1532 682 1606 fructum
713 1550 767 1607 est
794 1536 1055 1633 amplissimum
1078 1559 1211 1609 conse·

132 1659 280 1741 quotus.
299 1647 389 1716 Nam
404 1669 535 1740 quum,
549 1662 702 1744 propter
713 1644 942 1717 dilationem?
958 1648 1212 1736 comitiorum,

132 1766 188 1824 ter
203 1768 337 1852 praetor
348 1755 489 1852 primus
506 1757 679 1827 centuriis
698 1756 837 1827 cunctis
858 1761 1088 1827 renuntiatus
1106 1781 1212 1845 sum,

130 1859 236 1935 facile
253 1863 435 1952 intellexi,
455 1864 633 1953 Quirites,
647 1863 788 1962 etquid
802 1864 848 1937 de
862 1888 921 1937 me
932 1864 1144 1961 judicaretis
1153 1919 1164 1952 ,
1173 1882 1213 1938 et

132 1972 221 2070 quid
236 1974 312 2044 aliis
324 1972 611 2071 praescriberetis.
630 1977 735 2044 Nunc
749 1998 865 2069 quum
882 1988 919 2043 et
932 1976 1157 2044 auctoritatis
1171 1977 1213 2044 in

131 2107 190 2154 me
209 2097 352 2155 tanturn
371 2086 435 2173 sit,
456 2099 632 2181 quantum
654 2109 720 2156 vos
743 2082 947 2155 honoribus
966 2081 1213 2155 mandandis⁸

132 2217 210 2264 esse
224 2194 406 2280 voluistis;
421 2209 456 2265 et
470 2193 516 2265 ad
530 2192 712 2291 agendum
729 2191 907 2264 facultatis
920 2206 1081 2276 tantum,
1096 2217 1213 2287 quan·

129 2317 208 2374 tum
223 2302 362 2374 homini
380 2303 544 2401 vigilanti
564 2329 606 2374 ex
624 2301 760 2375 forensi
779 2327 850 2375 usu
863 2327 979 2400 prope
994 2300 1212 2400 quotidiana

131 2411 275 2485 dicendi
301 2416 510 2484 exercitatio
537 2414 658 2511 potuit
678 2412 829 2484 allerre:
853 2426 951 2484 certe
967 2428 1003 2484 et
1014 2423 1041 2499 9,
1063 2413 1093 2483 si
1115 2413 1212 2510 quid

131 2524 354 2595 auctoritatis
370 2525 407 2594 iu
427 2546 485 2592 me
498 2537 570 2608 est,
587 2547 628 2594 ea
645 2523 742 2621 apud
761 2549 824 2595 cos
837 2538 932 2613 utar,
945 2524 1009 2621 qui
1023 2547 1101 2594 eam
1114 2523 1212 2593 mihi

131 2632 312 2705 dederunt
323 2658 332 2719 ;
343 2645 399 2717 et,
415 2631 443 2702 si
459 2631 549 2727 quid
566 2637 674 2703 ctiam
689 2631 844 2704 dicendo
859 2634 1032 2730 consequi
1043 2656 1210 2731 possum,

165 2903 191 2952 t.
205 2873 354 2941 Amicorum'
363 2891 517 2956 temporibus.
535 2893 645 2941 Verbum
690 2896 781 2954 hutim,
789 2896 815 2944 id
825 2907 873 2954 est,
882 2911 926 2960 per
934 2891 966 2943 35
977 2894 1056 2943 tribus
1063 2893 1212 2960 descriptus,

128 2976 178 3024 hoo
192 2973 432 3039 negotia,pericnla,
443 2974 647 3031 necessitates,ut
691 2991 770 3038 ncqne
789 2990 821 3022 ex
842 2972 971 3036 generibus
992 2972 1140 3032 hominnm,
1167 2973 1212 3022 sed

130 3053 218 3120 vulgus
230 3053 350 3117 loquitur,
368 3052 504 3118 significat,
528 3064 555 3101 ut
567 3053 611 3102 lib.
622 3056 647 3100 11
691 3054 859 3112 centuriatim,
874 3053 899 3101 id
912 3063 963 3111 est,
975 3067 1020 3117 per
1031 3063 1145 3099 centenas
1159 3063 1214 3100 tur·

129 3133 160 3182 tle
174 3132 279 3192 Officiis,
290 3149 344 3198 cap.
361 3134 514 3182 12-Tanrnm
526 3144 576 3181 erat
590 3133 646 3197 phi·
691 3150 743 3182 mus
756 3151 788 3181 ex
800 3149 886 3192 censu,
901 3131 1030 3179 ordinibus
1047 3141 1071 3178 et
1085 3141 1157 3180 aetste
1172 3131 1211 3180 di·

78 3231 86 3240 ‘
130 3204 250 3279 losoplriae
272 3213 336 3276 loci,
359 3224 476 3278 quantum
495 3214 647 3278 superfuerat
693 3215 769 3271 vises,
785 3211 899 3273 suffragia
915 3210 995 3256 ferret.

130 3294 266 3343 amicornm
280 3305 304 3342 et
313 3293 454 3357 reipublicae
468 3293 642 3357 temporibus»,
727 3307 751 3348 7.
766 3287 917 3337 Dilatr'onsm
931 3286 1093 3335 comitiorum.
1104 3286 1213 3334 Differe-

131 3373 219 3433 idest,
232 3373 339 3436 negotiis
350 3408 357 3430 ,
368 3372 559 3419 necessitatibus.
690 3371 780 3418 bantur
792 3367 936 3432 plerumque
959 3376 1061 3430 propter
1077 3365 1212 3412 obnuntia-

165 3453 190 3500 5.
200 3452 292 3500 Aberat
295 3448 384 3513 suinF.
395 3451 440 3496 MS
451 3451 542 3498 Erfurt.
552 3449 644 3512 recepit
690 3450 778 3497 tiones.
788 3449 851 3496 Nam
861 3448 895 3507 si,
907 3447 966 3494 dnm
975 3446 1073 3493 comitia
1083 3443 1212 3492 habebsn·

131 3535 213 3581 Graev.
226 3532 242 3578 J
245 3530 291 3578 .V.
304 3529 330 3573 L.
689 3537 820 3593 tnr‚angnr
834 3526 927 3590 aliquid
940 3526 970 3573 de
980 3524 1042 3572 culo
1049 3523 1213 3583 observasset,

167 3611 191 3657 6.
204 3607 283 3656 Casto.
295 3605 368 3653 Nulla
378 3605 431 3670 lege
443 3605 540 3654 violata.
551 3633 585 3642 -
602 3608 645 3653 Iu·
691 3607 846 3670 magistratus
856 3604 1001 3652 obnuntiare
1011 3612 1121 3667 poterat,
1135 3613 1160 3650 et
1168 3618 1213 3650 co·

132 3702 216 3756 tegre,
230 3696 298 3734 recto
313 3684 388 3733 snimi
398 3700 478 3732 sensu.
487 3712 520 3719 -
534 3687 647 3748 Terproe·
691 3687 759 3733 mitis
776 3685 802 3732 in
817 3685 891 3732 alium
906 3682 970 3730 diem
984 3680 1091 3728 differre.
1103 3680 1213 3727 Differe-

132 3783 180 3820 tor.
199 3766 239 3815 Bis
253 3766 279 3812 in
297 3763 421 3822 comitiis,
444 3779 498 3826 qnae
511 3764 645 3827 interrupta
691 3764 781 3812 bantur
792 3775 906 3828 praeteres
915 3777 960 3827 per
972 3760 1212 3808 tribunoruminter·

133 3852 211 3907 fuere,
216 3847 265 3908 jam
273 3844 426 3892 manifestum
434 3842 541 3906 populus
549 3842 647 3891 dederat
692 3843 835 3891 cessionem.
851 3844 901 3889 Has
914 3850 993 3888 nutem
1007 3838 1212 3887 obnuntiationes

133 3938 231 3983 votum,
246 3924 318 3972 tertio
328 3938 404 3986 quum
413 3922 440 3968 in
452 3921 558 3968 comitiis
567 3923 647 3969 nomi·
693 3922 871 3985 dilationesqne
884 3921 1052 3977 comitiorum,
1066 3919 1212 3968 candidato·

134 4019 206 4061 mens
218 4017 242 4055 et
264 4002 428 4070 proclamatus
442 4011 486 4048 est.
503 4003 568 4047 Octo
581 4010 648 4047 erant
693 4018 748 4049 rnna
765 4000 859 4048 scilicet
883 4001 958 4064 gratia
977 3998 1118 4056 faciebant,
1131 4015 1212 4062 quum

133 4099 265 4156 pretores,
274 4082 367 4147 primus
377 4079 504 4127 dicebatur
516 4096 587 4143 quem
597 4079 650 4143 pln·
693 4079 768 4145 aliqui
778 4079 825 4126 sibi
831 4089 939 4144 paratam
948 4077 1069 4141 repulsam
1079 4077 1212 4140 videbunt3

133 4185 172 4220 tes
186 4181 258 4231 quam
272 4174 378 4216 ceteros,
394 4158 510 4207 centuriae
531 4158 649 4207 tulissent.
694 4159 830 4223 saepiusque
844 4158 955 4221 exempla
969 4169 1113 4205 occurrunt.

133 4249 241 4309 Maiores
260 4242 324 4291 enim
344 4238 514 4302 magistratus,
531 4249 557 4287 ut
575 4251 650 4304 puts,
731 4241 756 4286 8.
771 4239 862 4286 Omnes
875 4237 950 4285 l’slst.
963 4249 988 4284 ct
1008 4237 1064 4286 edd.
1084 4254 1124 4301 pr.
1141 4254 1214 4285 man·

135 4340 264 4380 censores,
280 4320 408 4379 consules,
428 4329 545 4382 praetores
555 4319 591 4366 >its
605 4335 648 4367 ro·
694 4319 811 4366 dandum.
826 4319 851 4365 J.
863 4319 895 4364 V.
911 4318 935 4362 L.

136 4406 211 4458 mitiis
224 4401 330 4458 fiebant,
350 4416 405 4464 qun
428 4400 566 4446 centuriata
581 4399 649 4446 dice·
730 4416 754 4461 9.
768 4397 833 4445 Male
847 4395 990 4459 particulam
1003 4395 1213 4455 banodelcrijus-

139 4489 243 4542 banton
257 4480 324 4546 quod
338 4480 363 4529 in
379 4481 409 4528 iis
420 4479 528 4543 populns
542 4495 592 4527 non
607 4479 649 4525 tri·
695 4488 757 4525 serat
772 4479 799 4524 P.
808 4475 944 4524 Manutius.
958 4473 983 4521 J.
994 4476 1023 4519 V.
1037 4476 1063 4519 L.
