2678 4800
296 361 490 438 orario
515 371 618 438 ano
642 371 785 441 sucu
809 371 1048 443 Maurum.
1157 396 1200 469 19
1256 350 1265 373 '

129 518 201 589 que
216 518 261 565 ex
278 490 462 576 decumis,
485 514 606 587 neque
624 515 669 562 ex
689 491 867 585 scriptura
887 493 1037 590 vectigal
1054 517 1202 567 conser-

129 608 201 675 vari
233 616 383 701 potestt
413 625 528 697 quare
563 625 658 699 saepe
692 601 803 671 totius
832 603 919 671 atini
951 600 1091 674 fructus
1124 629 1201 677 uno

128 738 276 785 rumora
299 712 473 810 periculi,
493 724 605 807 atque
626 735 702 781 uno
720 708 808 781 belli
830 724 969 781 terrore
990 704 1180 784 amittitur.

172 827 260 914 Quo
287 821 435 894 tandem
461 822 586 893 animo
612 845 690 893 esse
718 820 928 893 existimatis
949 836 1012 892 aut
1031 846 1116 912 eos,
1137 824 1202 921 qvii

128 932 317 1031 vectigalia
337 929 447 1007 nobis
469 933 673 1028 pensitant,
694 944 757 1001 aut
775 955 859 1018 eos,
878 932 943 1028 qui
963 948 1134 1005 exercent
1152 949 1204 1007 at·

126 1067 201 1140 que
221 1044 392 1138 exigunt,
413 1065 529 1139 quum
559 1040 634 1112 duo
658 1064 871 1137 regestum
896 1042 1063 1113 maximis
1087 1046 1203 1141 copiis

127 1176 244 1250 prope
264 1149 407 1225 adsint?
423 1175 540 1248 quum
557 1175 631 1223 uua
650 1152 816 1223 excursio
831 1152 1014 1247 equitatus
1033 1151 1202 1249 perbrevi

127 1277 295 1359 tempore
325 1263 437 1332 totius
465 1261 552 1336 arsni
578 1261 730 1358 vectigal
753 1258 897 1333 auferre
923 1261 1063 1358 possiti
1085 1288 1202 1361 quum

127 1371 316 1470 publicani
329 1369 482 1445 familias
496 1371 689 1458 maximas,
708 1373 856 1468 quasin
873 1368 1022 1443 salinis⁵
1044 1371 1203 1461 habent,

126 1506 219 1578 quas
236 1483 276 1555 in
292 1482 402 1578 agris,
417 1483 563 1578 quasin
583 1481 763 1579 portubus
783 1497 894 1580 atque
913 1482 1111 1573 custodiis,
1128 1509 1204 1577 ma·

126 1614 202 1686 gno
218 1591 383 1689 periculo
397 1614 436 1668 se
449 1586 587 1665 babere
596 1589 845 1665 arbitrentur?
858 1594 1042 1664 Putatisue
1054 1618 1120 1666 vos
1131 1594 1204 1667 illis

128 1699 241 1773 rebus
257 1699 329 1773 lrui
343 1725 477 1797 posse,
491 1701 562 1773 nisi
583 1725 663 1788 eos,
683 1703 748 1798 qui
762 1701 867 1773 vobis
879 1701 1081 1775 frucmosi⁶
1099 1719 1204 1793 suut,

127 1812 448 1898 conservaveritis,
464 1835 542 1885 non
556 1810 696 1899 solum,
710 1826 752 1883 ut
766 1824 872 1883 autea
883 1812 975 1902 dixi,
986 1814 1205 1902 calamitate,

126 1920 192 1995 sed
210 1910 328 1995 etiam
337 1920 549 1994 calamitatis
562 1919 760 1993 formidine
773 1921 968 1995 liberatos?

176 2036 256 2105 vll.
282 2037 334 2105 Ac
360 2057 409 2103 ne
432 2031 525 2103 illud
549 2032 699 2128 quidem
719 2031 831 2105 ‚vobis
852 2032 1112 2131 negligendum
1130 2050 1205 2124 est,

124 2141 230 2240 quod
250 2141 340 2213 mihi
360 2166 428 2239 ego
442 2156 647 2215 extremum
661 2166 945 2241 proposueram,
959 2169 1074 2241 quum
1088 2171 1205 2218 essem

126 2255 173 2326 dc
198 2251 288 2324 belli
319 2276 452 2350 genere
475 2252 660 2341 dicturus,
688 2254 790 2350 quod
811 2255 857 2326 ad
882 2255 1085 2326 multorum
1108 2254 1208 2329 bonu

126 2364 262 2435 civium
296 2384 533 2435 romanorum
565 2367 754 2461 pertinet:
790 2389 950 2460 quorum
982 2365 1108 2450 vobis,
1137 2392 1206 2465 pro

127 2487 248 2545 vestra
268 2472 466 2570 sapientia,
487 2473 647 2561 Quirites
659 2508 670 2562 ς
682 2473 850 2547 habenda
868 2489 924 2547 est
940 2477 1035 2546 ratio
1050 2476 1205 2572 diligen-

126 2599 197 2658 ter.
215 2586 311 2655 Nam
329 2597 367 2655 et
381 2581 584 2680 publicani,
598 2583 768 2657 homines
781 2598 818 2658 et
833 2583 1079 2657 honestissimi
1092 2600 1129 2658 et
1138 2611 1204 2657 or·

129 2695 320 2781 natissimi,
334 2718 416 2765 suas
429 2698 588 2768 rationes
600 2710 637 2767 et
652 2696 798 2792 copias.¹
813 2695 964 2769 inillam
979 2697 1204 2792 provinciam

128 2916 200 2971 rino,
214 2912 286 2970 olco,
300 2922 325 2958 et
335 2910 446 2974 frugibus
459 2912 575 2969 minutias
584 2927 647 2976 por-
690 2910 772 2958 vincia
791 2910 866 2958 luisse
878 2910 1052 2958 non'mcrniuit
1065 2910 1168 2976 legisse,
1182 2924 1208 2962 ct

130 2993 229 3054 ιοήηιη,
242 2990 314 3056 quod
333 3007 365 3038 cx
377 2992 546 3054 navigatione,
559 2990 646 3051 idest,
690 3001 761 3056 putat
772 2989 902 3053 legendum
921 2989 1087 3047 esscsalictis,
1102 3002 1145 3039 sut
1157 2993 1209 3042 sut-

128 3071 646 3136 umectumexpomuomreeipituruaee
690 3070 990 3129 tibus5sulictorumcniru
998 3071 1099 3118 nominc
1107 3086 1207 3135 pascus,

129 3149 583 3214 omnisecusorespublicsulsvcnderc
588 3164 647 3199 con·
690 3166 745 3213 quae
755 3148 898 3214 plerumque
909 3149 1025 3197 salicibus
1035 3151 1128 3198 confite
1139 3164 1204 3211 suun

129 3236 211 3283 uisura
220 3232 339 3281 suctione
351 3229 482 3290 solebam
500 3232 544 3294 qui
559 3231 645 3294 quanti
690 3244 741 3277 non
755 3228 856 3277 difficile
875 3230 987 3292 intelligi.
1000 3229 1152 3293 Pomponius
1174 3249 1206 3279 ex

130 3311 644 3378 mucipcsredcmcrsnt,tsntumqnaesto·
689 3308 1101 3372 multissaltibuspactionel'mcrus
1109 3311 1205 3374 percipi

130 3393 193 3440 ribus
203 3390 315 3439 urbissd
325 3390 436 3438 amrium
451 3389 539 3452 populi
550 3389 646 3436 romani
691 3387 925 3435 testatur.'1'urneb.
939 3387 1049 3436 Lambin.
1063 3390 1206 3446 Manutius,

130 3468 383 3535 mpraesentsbsut,id
394 3479 444 3526 est,
454 3479 510 3515 ante
517 3478 646 3531 perceptos
690 3477 735 3513 etc.
748 3477 866 3529 respuunt
878 3483 966 3515 vocem
980 3465 1137 3530 salinr's.1².go
1147 3484 1206 3514 vcro

132 3550 221 3599 fructus
235 3546 410 3613 persolvebant
420 3563 427 3604 ;
439 3562 495 3594 narn
508 3557 594 3613 postea
602 3549 645 3610 qui
690 3560 741 3592 uon
751 3546 826 3593 video
840 3562 885 3594 cur
898 3562 949 3594 nou
959 3546 1064 3609 vectigal
1077 3546 1110 3593 de'
1122 3547 1207 3595 saliuis

131 3630 154 3675 iu
166 3630 251 3695 operis
268 3638 338 3676 crant
352 3625 499 3684 decumani,
518 3624 644 3690 pecuarii,
689 3635 832 3688 perceptum
854 3625 946 3688 suerit,
969 3636 994 3673 et
1014 3625 1046 3672 sd
1065 3627 1206 3688 portorium

130 3712 264 3770 putatores,
278 3706 416 3770 exlegibus
427 3706 557 3766 censoriis,
567 3723 580 3753 s
591 3720 646 3770 pro·
690 3704 840 3767 pertinuerit.

132 3787 274 3837 rhcialvlsus
287 3785 431 3850 exigebant,
453 3787 551 3849 suisque
574 3800 645 3833 com·
725 3785 750 3830 6.
758 3782 893 3831 Frrvctuosi.
907 3782 1010 3830 Plurimi
1018 3782 1208 3848 leguutsructui.

134 3870 206 3916 modis
220 3880 247 3916 et
258 3867 430 3915 ntiouibusin
440 3882 468 3913 ca
481 3865 647 3913 conductione
727 3862 784 3910 Vll.
799 3878 822 3911 r.
832 3865 897 3909 Suus
907 3861 1016 3910 rationes
1025 3874 1050 3909 et
1058 3863 1150 3927 copias.
1159 3866 1208 3914 lis·

134 3948 299 3996 romulebsut.
690 3945 771 3990 tiones
782 3956 830 4005 pro
839 3940 995 3989 facultatibus
1012 3953 1036 3989 et
1046 3941 1118 3991 rebus
1129 3947 1208 3991 omni·

165 4028 188 4075 ⁵.
198 4024 337 4075 Ικεαῐὶιίι.
348 4027 532 4073 ilottomsnuus
544 4023 647 4089 vectigal
691 4022 739 4070 bus
752 4021 784 4069 ad
798 4032 917 4085 quaestum
931 4020 1126 4086 pcrtinentibus3
1141 4024 1208 4071 uude

135 4105 256 4155 exuunt·
272 4104 303 4153 iu
323 4103 397 4165 Asis,
407 4113 449 4152 sut
467 4102 512 4152 alis
526 4102 576 4151 ulla
589 4116 649 4167 pro·
693 4101 834 4159 consulere,
845 4099 1002 4167 prospicere,
1019 4101 1148 4164 providero
1160 4102 1209 4151 suis

1058 4215 1090 4257 2.
