2670 5198
274 385 473 457 ORATIO
497 383 602 452 PRO
626 381 769 450 LEGE
794 382 1037 452 Maurum.
1148 375 1189 450 51

125 511 266 612 publica
282 507 442 594 vidistis3
462 529 541 592 vos,
568 503 624 574 his
645 502 949 601 repugnantibus,
972 529 1038 602 per
1055 516 1197 573 vosmet

127 630 217 723 ipsos
232 619 445 718 dignitatem
462 615 547 684 huic
566 615 737 711 imperi0,
754 614 905 684 salutem
921 612 1002 684 orbi
1020 628 1199 684 terrarum

127 733 316 808 attulistis:
338 726 535 824 aliquando
546 726 603 795 isti
616 727 801 823 principes
810 722 838 809 ⁶,
857 740 892 795 et
906 724 993 812 sibi,
1011 726 1200 809 etceteris,

128 843 254 945 populi
287 838 431 912 romani
467 838 624 907 universi
660 837 865 907 auctoritati
896 835 1098 934 parendum
1126 857 1203 906 esse

129 956 318 1028 fateantur.
338 956 459 1046 Atque
474 947 514 1017 in
539 945 609 1016 hoc
631 944 730 1017 bello
751 948 906 1016 Asiatico
932 959 968 1016 et
986 946 1106 1042 regio,
1126 969 1204 1015 non

131 1047 248 1137 solum
270 1058 435 1131 militaris
455 1054 515 1126 illa
544 1059 674 1142 virtus,
697 1080 778 1152 quae
799 1069 853 1127 est
882 1058 922 1126 in
948 1059 1012 1126 Cn.
1031 1055 1206 1154 Pompeio

133 1173 339 1273 singularis,
356 1168 421 1242 sed
440 1168 517 1239 aliae
535 1191 685 1263 quoque
703 1168 877 1239 virtutes⁷
900 1169 1012 1238 animi
1030 1167 1151 1237 multae
1172 1177 1209 1238 et

135 1307 272 1381 magnae
302 1280 552 1378 requiruntur.
586 1274 740 1350 Difficile
772 1293 826 1350 est
864 1280 901 1349 in
942 1281 1046 1367 Asia,
1069 1277 1211 1364 Cilicia,

138 1397 252 1492 Syria,
284 1391 481 1488 regnisque
510 1383 751 1459 interiorum⁸
778 1390 970 1461 nationum
1000 1395 1050 1461 ita
1078 1389 1213 1460 versari

141 1519 298 1577 restrum
306 1502 583 1599 imperatorem,
595 1512 637 1568 ut
651 1498 741 1570 nihil
759 1499 876 1589 aliud,
896 1525 1006 1598 quam
1023 1499 1069 1571 de
1085 1500 1214 1571 hoste⁹

144 1639 180 1685 tc
193 1612 241 1684 de
256 1608 385 1697 laude,
405 1610 549 1706 cogitet.
566 1607 708 1680 Deinde
720 1610 828 1680 etiam
846 1613 956 1708 siqui
973 1626 1061 1683 sunt
1075 1609 1217 1708 pudore

148 1750 182 1796 ac
197 1723 441 1821 temperantia
464 1716 744 1805 moderatiores,
770 1734 892 1791 tamen
921 1744 983 1791 eos
1007 1747 1084 1794 esse
1111 1721 1219 1809 tales,

152 1849 293 1933 pmpter
317 1827 588 1902 multitudinem
617 1828 833 1926 cupidorum
864 1829 1080 1921 hominum,
1111 1856 1222 1904 nemo

148 1945 391 2017 *arbitratur¹⁰.
409 1938 566 2012 Difficile
593 1954 648 2010 est
674 1939 793 2026 dictu,
821 1943 999 2032 Quirites,
1024 1958 1163 2040 quanto
1184 1942 1223 2013 in

156 2054 230 2127 odio
253 2054 369 2127 simus
395 2048 495 2148 apud
517 2064 658 2120 exteras
677 2053 873 2138 nationes,
893 2067 1045 2150 propter
1071 2075 1225 2142 eorum,

160 2188 244 2263 quos
258 2160 305 2236 ad
320 2185 380 2234 eas
395 2184 462 2258 per
473 2160 543 2230 hos
559 2183 674 2232 annos
687 2185 772 2231 cum
794 2163 949 2260 imperio
967 2163 1150 2252 misimus,
1169 2165 1227 2234 in·

109 2278 113 2363 l
161 2275 297 2368 itarius¹1
317 2294 360 2343 ac
376 2268 557 2342 libidines.
574 2269 684 2358 Quod
701 2273 798 2342 enim
813 2270 938 2343 sanum
953 2277 1089 2373 putatis
1103 2278 1142 2347 iu
1159 2275 1228 2347 illis

109 2374 111 2457 ἐ
164 2385 255 2456 terris
276 2382 410 2454 nostris
433 2379 704 2478 magistratibus
726 2381 953 2480 religiosum,
976 2410 1087 2483 quam
1105 2387 1229 2459 civita·

167 2507 228 2566 tem
239 2505 419 2580 sanctam,
433 2514 544 2588 quam
556 2488 709 2561 domum
723 2494 807 2564 satis
821 2493 979 2566 clausam
994 2521 1036 2567 ac
1050 2498 1230 2567 munitam

169 2601 285 2677 luisse?
303 2599 420 2674 Urbes
436 2601 511 2697 jam
530 2600 730 2699 locupletes
748 2627 789 2673 ac
808 2606 964 2702 copiosae
982 2610 1232 2702 requiruntur,

171 2713 292 2810 quibus
321 2736 428 2784 causa
453 2709 542 2782 belli
563 2725 716 2809 propter
742 2711 937 2811 diripiendi
955 2715 1233 2812 cupiditatem¹²

174 2822 343 2896 inseratur.
374 2819 546 2894 Libenter
578 2821 655 2893 haec
696 2846 819 2893 coram
850 2849 933 2894 cum
960 2827 1003 2913 Q.
1031 2825 1161 2896 Catulo
1199 2837 1236 2894 et

176 2936 210 3024 Q.
221 2935 411 3005 Hortensio
428 2930 651 3030 disputarem
660 2933 840 3021 ,ssummis
856 2949 892 3007 et
909 2935 1111 3007 clarissimis
1124 2935 1209 3006 viris
1226 2961 1234 3004 ε

178 3057 344 3116 noverunt
360 3044 458 3115 enim
475 3043 658 3117 sociorum
675 3045 844 3133 vulnera;
869 3047 994 3119 vident
1025 3071 1154 3119 eorum
1179 3071 1238 3119 ca·

113 3250 116 3253 .
179 3152 357 3243 lumitates3
376 3155 623 3251 querimonias
637 3153 800 3226 audiunt.
817 3160 888 3228 Pro
902 3162 1007 3252 sociis
1019 3155 1048 3202 ¹³
1067 3183 1133 3229 vos
1151 3181 1241 3228 con-

110 3290 115 3320 ι
182 3277 227 3335 tra
249 3263 370 3337 hostes
399 3264 599 3335 exercitum
631 3267 773 3336 mittere
805 3271 957 3365 putatis,
983 3293 1048 3354 an,
1081 3268 1240 3340 hostium

110 3437 114 3443 .
186 3373 415 3461 simulatione,
436 3389 564 3446 eontra
583 3376 701 3446 socios
718 3392 828 3473 atque
846 3379 1002 3450 amicos?
1016 3383 1106 3469 Quae
1120 3380 1244 3450 civitas

110 3515 119 3561 ;·
188 3497 231 3555 eu
248 3487 283 3556 in
300 3484 396 3574 Asia,
416 3508 497 3581 quae
520 3508 599 3555 non
620 3484 730 3555 modo
749 3487 996 3585 imperatoris,
1023 3504 1087 3560 aut
1115 3487 1246 3591 legati,

121 3711 129 3718 ,
216 3663 237 3710 6.
247 3662 378 3728 Principes.
391 3662 529 3726 Optimatea
543 3660 649 3710 scilicet.
772 3672 810 3704 ιο.
827 3656 903 3704 Nemo
922 3658 1064 3706 arbitratur.
1079 3659 1189 3724 Quisque
1202 3658 1248 3705 im·

110 3773 134 3801 2,
219 3757 241 3800 7.
251 3743 362 3790 Virmtes.
373 3742 409 3789 Ut
419 3741 593 3806 temperantia,
607 3738 688 3800 fides,
733 3735 826 3800 probus
839 3738 960 3785 neminem
973 3755 1026 3787 essa
1043 3741 1150 3806 probum
1161 3738 1247 3788 existi·

194 3813 322 3871 bunius.
339 3821 400 3885 Cap.
418 3822 459 3869 13.
734 3826 794 3864 mat.

222 3898 243 3946 t.
252 3899 405 3948 Interiorum.
414 3902 477 3964 Quae
488 3901 599 3947 intimam
607 3900 690 3947 Asiam
774 3911 783 3942 1
792 3913 813 3944 ι,
825 3894 941 3960 Injurias.
954 3900 1043 3957 Fttrta,
1057 3899 1160 3962 rapinas.

198 3974 303 4037 incolunt,
315 3995 328 4026 ι
341 3977 432 4025 finibus
449 3990 473 4026 et
486 3996 499 4027 ι
513 3979 573 4026 mari
583 3990 690 4027 remotae.
774 3990 814 4023 ta.
829 3974 1000 4038 Cupiditatem.
1016 3977 1079 4026 Cod.
1091 3976 1250 4041 liittorpju·

111 4078 149 4122 ὣς
226 4071 247 4116 9.
258 4060 291 4106 De
304 4057 381 4106 hoste.
401 4058 497 4106 Scilicet
510 4058 647 4118 vincendo,
667 4068 691 4104 ct
737 4054 863 4104 cultatem.
877 4058 893 4105 J
896 4059 939 4104 .V.
950 4057 976 4105 L

114 4158 134 4205 s,
201 4142 238 4181 tm
247 4134 275 4184 dt
290 4137 361 4186 luero
374 4137 493 4187 leoinde.
776 4134 818 4183 1³.
833 4137 882 4181 Pro
894 4135 976 4184 sociis.
990 4135 1154 4184 Auxiliantlis.

1113 4224 1146 4305 Δ.
