2678 4800
234 362 429 432 ORATIO
452 363 555 432 PRO
577 363 712 433 LEGE
738 364 977 435 MAMILIA.
1088 369 1135 464 39

68 483 239 555 diuturna
253 508 325 582 pax
339 481 484 556 efficere
497 485 682 582 potuisset.
694 490 771 557 lam
783 539 791 572 ,
803 501 948 584 accepta
963 491 1001 561 iu
1016 495 1134 564 Ponto

66 594 265 664 calamitate
275 603 320 680 ¹⁰,
345 617 389 663 ex
415 617 460 664 eo
482 594 625 692 praelio,
648 594 693 665 de
717 620 793 692 quo
821 620 885 666 vos
909 598 1032 694 paullo
1050 617 1134 673 ante

66 705 201 775 invitus
218 702 412 790 admonui,
434 728 549 799 quum
565 706 652 775 socii
671 707 959 802 pertimuissent,
973 709 1133 789 hostium

64 836 155 909 opes
184 812 367 908 animique
399 814 612 900 crevissent,
642 817 727 886 satis
755 814 899 886 firmum
928 819 1133 915 praesidium

64 925 251 1018 provincia
275 947 352 992 nou
376 920 550 993 haberet:
569 925 774 995 amisissetis
797 927 935 1009 Asiam,
955 930 1133 1015 Quirites,

64 1034 177 1103 nisi¹¹
197 1032 242 1103 ad
263 1031 300 1103 id
320 1034 440 1129 ipsum
461 1033 538 1127 ejus
559 1037 731 1131 temporis
752 1033 924 1108 divinitus
942 1041 1009 1107 Cn.
1028 1043 1133 1110 Pom-

64 1143 187 1239 peium
205 1143 249 1214 ad
263 1167 323 1215 eas
336 1144 502 1239 regiones
516 1155 546 1187 ¹²
568 1142 714 1215 fortuna
733 1147 861 1243 populi
879 1149 1019 1218 romani
1036 1164 1131 1223 attu-

64 1255 174 1325 lisset.
200 1255 318 1349 Hujus
340 1253 516 1325 adventus
539 1269 575 1325 et
598 1254 841 1326 Mithridatem
867 1254 1048 1329 insolita¹³
1073 1261 1131 1329 in·

64 1363 288 1435 flammatum
314 1365 463 1437 victoria
491 1366 693 1450 continuit,
723 1381 760 1436 et
786 1366 975 1460 Tigranem
994 1370 1132 1462 magnis

63 1475 177 1569 copiis
197 1473 422 1545 minitantem
446 1475 538 1543 Asiae
560 1472 764 1546 retardavit.
789 1477 833 1544 Et
852 1475 1045 1571 quisqfflm
1062 1475 1132 1547 du-

63 1581 212 1666 bitabit,
231 1581 324 1679 quid
340 1586 472 1654 virtute
489 1583 718 1680 profecturus
736 1585 799 1670 sit,
824 1585 888 1681 qui
908 1598 1049 1657 tautum
1067 1610 1133 1657 au·

64 1698 230 1764 ctoritate
258 1691 475 1790 profecerit?
499 1708 563 1764 aut
586 1716 696 1790 quam
720 1691 824 1766 iacile
846 1694 999 1790 imperio
1022 1709 1132 1792 atque

64 1802 225 1873 exercitu
247 1805 366 1875 socios
391 1817 428 1872 et
455 1802 641 1898 vectigalia
668 1817 946 1876 conservaturus
970 1804 1038 1890 sit,
1067 1807 1131 1901 qui

63 1914 139 2008 ipso
159 1915 309 1984 nomine
327 1938 369 1984 ac
387 1936 535 1983 rumore
553 1910 777 1984 defenderit?

107 2026 205 2095 XVI.
228 2027 300 2119 Age
318 2047 424 2107 vero,
444 2022 504 2093 illa
521 2046 579 2094 res
600 2037 772 2121 quantam
792 2019 947 2092 declarat
965 2021 1129 2116 ejusdem

63 2130 223 2203 hominis
251 2130 346 2229 apud
374 2132 496 2203 hostes
529 2131 656 2229 populi
687 2132 828 2247 roupui
858 2133 1129 2221 auctoritatem,

62 2242 160 2338 quod
179 2265 225 2311 ex
246 2241 333 2314 locis
354 2256 428 2315 tam
447 2243 677 2340 longinquis,
696 2252 844 2338 tamque
866 2242 1036 2329 diversis,
1056 2258 1130 2314 tam

61 2351 162 2424 brevi
185 2367 352 2449 tempore
376 2377 503 2423 omnes
521 2353 587 2423 uni
607 2351 694 2423 huic
711 2376 748 2423 se
769 2349 1012 2423 dediderunt?
1029 2351 1129 2448 quod

61 2465 286 2536 Cretensium
316 2462 444 2560 legati,
475 2487 591 2559 quum
630 2465 668 2532 in
701 2487 828 2535 eorum
862 2461 980 2535 insula
1006 2476 1129 2533 noster

60 2575 277 2670 imperator¹
307 2574 557 2668 exercitusque
576 2587 688 2658 esset,
706 2572 751 2643 ad
774 2577 837 2643 Cu.
858 2574 1070 2668 Pompeium
1086 2573 1129 2647 in

58 2683 204 2755 ultimas
222 2707 338 2780 prope
356 2693 484 2754 terras²
504 2696 705 2767 venerunt,
725 2685 833 2780 eique
850 2706 888 2753 se
903 2706 1030 2754 omues
1043 2686 1131 2752 Cre·

58 2796 216 2865 temium
236 2795 396 2866 civitates
413 2793 545 2865 dedere
561 2793 653 2864 velle
666 2792 836 2864 dixerunt
846 2788 883 2859 3?
897 2791 1020 2880 Quid?
1033 2789 1128 2861 idem

53 2905 122 2975 iste
146 2901 397 2989 Mithridates,
418 2926 541 2974 nonne
559 2901 604 2975 ad
619 2903 789 2974 eumdem
807 2904 872 2972 Cn.
893 2900 1130 2997 Pompeium,

51 3014 219 3110 legatum
238 3013 408 3109 usquein
426 3011 661 3110 Hispaniam4
681 3007 821 3099 misit53
843 3034 1004 3106 eumque
1025 3014 1130 3080 Pom·

95 3156 139 3188 ro·
160 3143 268 3204 [erepta
286 3138 312 3186 in
328 3142 408 3187 Ponto
422 3139 571 3188 calamitate.
654 3154 679 3187 a.
690 3141 721 3186 ln
731 3138 828 3188 ultirnas
834 3153 912 3201 prope
921 3147 1007 3185 terrun
1019 3137 1132 3184 luPam·

46 3223 142 3284 ρυωιι
155 3221 182 3268 C.
194 3219 302 3268 Triarius
319 3235 333 3266 a
353 3218 495 3269 Mithridate
517 3234 573 3265 cum
617 3219 890 3283 phyliam.}10cautem
899 3213 1132 3272 uomiuevoeabaut,

44 3299 272 3364 aliquotmrllibus
283 3314 359 3345 caesus
368 3308 414 3345 est.
618 3298 645 3344 in
664 3296 754 3344 linibus
772 3296 866 3343 romani
885 3295 981 3359 imperii
999 3293 1131 3340 remotissi-

95 3394 139 3427 ιι.
149 3380 229 3426 Graev.
239 3377 337 3425 Lallem.
346 3376 484 3438 «adipsum
492 3375 576 3421 discri-
618 3378 664 3423 mis
677 3378 743 3423 situs.

45 3475 147 3508 nme.
157 3468 196 3505 t·
208 3458 233 3506 J.
242 3460 273 3505 V.
285 3458 313 3503 L,
655 3457 680 3502 3.
702 3453 797 3501 Dedere
815 3453 881 3500 velle
893 3452 1017 3498 dixerunt.
1037 3448 1131 3496 Viden*

95 3554 139 3585 ια,
152 3537 241 3583 Adeas
251 3535 367 3600 regiones.
376 3534 501 3580 Maritima
508 3531 575 3579 bello
619 3534 677 3581 dum
687 3533 751 3597 apud
763 3532 919 3579 Plutarchum
929 3532 955 3578 iu
964 3534 1051 3592 Pomp.
1060 3542 1133 3591 quatu

46 3618 86 3666 ad
101 3615 273 3680 Pamphyliam
287 3624 311 3661 et
320 3613 444 3670 Ciliciam3
456 3612 529 3671 hujus
540 3611 575 3658 rei
620 3612 739 3676 dedititiis
770 3610 926 3658 Cretensibus
956 3608 1031 3657 durus
1062 3607 1134 3653 luerit

47 3693 282 3745 nulhinhtnortis
293 3692 395 3739 mutto.
620 3693 757 3755 Pompeius.

95 3775 141 3823 13.
156 3773 267 3822 Insolito.
277 3775 360 3835 Quum
370 3781 439 3818 antea
450 3773 529 3817 victus
538 3785 574 3816 es·
656 3778 680 3825 4.
711 3772 793 3834 Usque
818 3768 844 3814 iu
868 3765 1021 3830 Hispaniam.
1052 3767 1136 3826 Quum

51 3867 93 3905 set
103 3871 119 3902 a
131 3854 213 3912 Sulla,
223 3869 237 3900 ι
247 3855 362 3909 Murena,
372 3867 385 3898 a
395 3848 506 3897 Lucullo.
622 3861 729 3913 quaestor
752 3850 868 3895 adversus
891 3847 1026 3894 Sertorium
1049 3845 1137 3892 missus

92 3934 168 3981 xvi.
183 3949 205 3980 1.
219 3933 311 3978 Noster
321 3930 464 3993 imperator.
478 3930 511 3990 Q.
521 3928 578 3974 Me·
624 3940 667 3976 est.

55 4015 134 4061 tellus
145 4047 151 4065 ,
162 4012 202 4060 cui
215 4011 361 4075 proconsuli
375 4009 467 4057 bellum
481 4009 506 4053 in
521 4006 578 4054 Cre·
662 4011 685 4055 5.
701 4007 814 4054 Gulielm.
827 4005 956 4052 lectionem
965 4005 1027 4053 MSS
1036 4001 1137 4067 probat,

55 4108 139 4142 tenses
150 4094 290 4142 mandatum
303 4105 365 4141 erut.
624 4109 636 4127 α
646 4087 711 4133 misit
722 4103 793 4145 eum,
807 4102 879 4148 quern
895 4087 981 4147 Pomp.
993 4103 1004 4125 n
1017 4083 1085 4131 ldum
1097 4082 1135 4127 in·
