2670 5198
273 361 466 432 ORATIO
489 364 595 433 PRO
619 308 762 434 LEGli
781 362 1020 432 ttattltta.
1137 363 1179 445 dt

144 478 283 553 lelidtate
302 486 475 580 gesserim
501 499 545 555 ut
566 487 646 582 ejus
670 509 817 583 semper
837 479 1086 554 voluntatibus
1108 505 1185 553 uon

141 589 228 663 nodo
248 596 345 664 cives
361 600 603 683 assenserint,
627 598 715 667 socii
736 595 1041 693 obtemperarint,
1062 593 1187 664 hostes

139 698 337 790 obedierint,
354 703 420 775 sed
438 709 547 777 etiarn
562 710 662 779 venti
680 720 985 805 tempestatesque
1004 703 1185 777 obsecun-

137 808 244 882 darint
277 820 358 885 Hoc
387 814 600 889 brevissime
630 817 773 903 dicam,
801 820 985 887 neminem
1012 837 1187 912 umquam

136 934 187 991 tan
207 924 462 1022 impudentem
486 926 617 1015 luisse,
637 931 701 1026 qui
721 952 742 999 a
760 926 827 998 diis
849 924 1113 996 immortalibus
1131 938 1188 996 tot

135 1046 159 1101 et
172 1047 289 1105 tantas
308 1060 369 1106 res
386 1041 518 1108 tacitus
535 1038 686 1110 auderet
701 1053 849 1138 optare,
867 1049 959 1135 quot
978 1048 1015 1106 et
1032 1049 1188 1133 quantas

133 1140 167 1212 dii
187 1148 414 1218 immortales
432 1147 478 1219 ad
500 1154 566 1221 Cu.
586 1151 804 1247 Pompeium
827 1145 1064 1217 detulerunt:
1084 1142 1188 1241 quod

132 1267 159 1322 ut
176 1253 226 1324 illi
248 1259 441 1355 proprium
464 1283 507 1331 ac
532 1275 753 1359 perpetuum
771 1259 838 1345 sit,
865 1258 1048 1347 Quirites,
1071 1278 1187 1352 quum

132 1367 323 1436 communis
339 1367 466 1440 salutis
480 1384 592 1467 atque
611 1371 778 1468 imperii,
799 1383 878 1439 tum
900 1367 1013 1463 ipsius
1031 1363 1188 1436 hominis

131 1494 240 1561 causa,
257 1478 368 1546 sicuti
385 1476 557 1567 tacitisu,
573 1478 664 1552 velle
679 1493 716 1552 et
730 1493 856 1578 optare
874 1474 1022 1548 debetis

165 1584 287 1672 Quare
306 1611 424 1682 quum
446 1604 482 1659 et
499 1588 638 1660 bellum
655 1590 705 1659 ita
722 1588 964 1660 necessarium
985 1587 1050 1667 sit,
1068 1598 1110 1654 ut
1126 1608 1189 1655 ne·

133 1689 200 1790 gtigi
222 1719 304 1766 non
326 1699 462 1794 possit;
490 1701 541 1770 ita
566 1724 762 1797 magnum,
791 1711 833 1768 ut
856 1696 1120 1768 accuratissime
1142 1694 1188 1766 sit

132 1800 463 1896 administrandum
485 1824 521 1881 et
538 1835 655 1907 quum
674 1811 708 1880 ei
729 1810 987 1904 imperatorem
1005 1803 1188 1903 praeficere

131 1916 283 2006 poeaitis,
307 1920 347 1987 in
372 1945 448 2017 quo
473 1922 520 1991 sit
544 1921 675 1991 eximia
698 1916 784 1990 belli
808 1918 978 2001 scientia,
998 1915 1188 2012 singularis

131 2025 252 2113 unus,
273 2027 473 2101 clarissima
492 2035 705 2116 auctoritas,
727 2029 869 2125 egregia
893 2023 1063 2096 fortuna:
1083 2022 1188 2094 dubi·

131 2132 295 2227 tabitis11,
309 2141 489 2230 Quirites,
502 2142 592 2237 quin
608 2139 679 2210 hoc
695 2152 837 2209 tantum
852 2135 958 2223 boni,
971 2132 1073 2231 quod
1085 2131 1188 2203 vobis

131 2241 228 2317 adiis
251 2248 521 2321 immortalibus
542 2249 707 2321 oblatum
732 2263 769 2318 et
787 2246 912 2318 datum
934 2260 1008 2327 est,
1034 2248 1072 2314 in
1096 2267 1187 2313 rem·

81 2384 84 2469 Ι
131 2352 303 2449 publicam
333 2359 619 2432 conservandam
652 2373 762 2457 atque
790 2353 1077 2456 amplificandam
1104 2376 1190 2423 con·

81 2498 84 2507 ·
131 2459 262 2537 tntis?

165 2580 280 2648 xvn.
301 2579 415 2669 Quod
433 2582 463 2650 si
480 2585 603 2651 Romae
622 2584 686 2651 Cn.
705 2583 898 2675 Pompeius
919 2577 1078 2675 privatus
1096 2589 1190 2646 esset

130 2681 191 2758 ltoc
217 2701 405 2788 tempore,
425 2707 546 2762 tamen
570 2690 613 2760 ad
634 2704 776 2760 tantum
795 2687 932 2760 bellum
956 2688 984 2757 is
1006 2683 1189 2757 erat-deli·

129 2795 257 2890 gendus
289 2813 399 2898 atque
432 2797 658 2871 mittendus:
684 2821 804 2881 nunc,
830 2820 946 2892 quum
979 2794 1024 2864 ad
1054 2808 1190 2864 ceteras

128 2926 279 2978 summas
294 2908 467 2982 utilitates
485 2911 561 2980 haec
579 2933 729 3007 quoque
749 2906 1005 3005 opportunitas
1023 2902 1191 2998 adjunga-

129 3027 192 3105 tur,
216 3032 257 3088 ut
278 3022 315 3089 in
336 3022 378 3092 iis
400 3023 486 3120 ipsis
505 3019 594 3090 locis
612 3020 703 3090 adsit
717 3031 742 3105 ¹,
762 3033 804 3089 ut
827 3016 958 3087 habeat
975 3015 1189 3098 exercitum,

127 3141 163 3196 ut
182 3125 230 3198 ab
255 3130 316 3216 iis,
339 3132 403 3227 qui
430 3130 587 3217 habent,
612 3132 773 3228 accipere
799 3131 918 3199 statim
946 3126 1079 3224 possit;
1100 3123 1189 3219 quid

127 3241 395 3334 exspectamus?
418 3257 481 3312 aut
506 3266 572 3312 cur
594 3267 691 3327 non,
715 3239 869 3311 ducibus
892 3236 960 3308 diis
978 3235 1188 3307 immortali·

126 3341 211 3433 bus,
233 3347 370 3436 eidem,
399 3353 459 3421 cui
486 3362 628 3421 cetera²
660 3374 905 3422 summanum
935 3348 1048 3418 salute
1067 3349 1190 3443 reipu-

127 3452 224 3527 blicae
256 3463 450 3532 commissa
477 3476 581 3548 sunt,
611 3460 682 3531 hoc
713 3484 863 3557 quoque
892 3457 1026 3529 bellum
1053 3458 1188 3553 regium

128 3570 406 3640 committimus?
1119 3574 1122 3581 ’

174 3680 219 3748 tt
237 3681 333 3749 enim
355 3682 410 3749 vir
429 3680 664 3765 clarissimus,
686 3682 949 3750 amantissimus
966 3676 1191 3774 reipublicae,

164 3855 200 3887 ro.
211 3842 308 3888 Facitis.
317 3843 394 3904 Quod
403 3843 525 3890 declarant
533 3845 633 3907 imperia
715 3846 796 3891 xvtt.
818 3860 840 3890 ι.
858 3846 888 3888 Ut
902 3842 926 3889 in
940 3842 968 3889 tis
982 3842 1042 3890 locis
1056 3839 1128 3888 adsit.
1144 3839 1191 3887 Ubi

128 3917 212 3979 quibus
223 3920 290 3967 illum
300 3923 470 3971 exornaviatis.
678 3922 768 3969 bellum
778 3939 833 3969 cum
844 3920 985 3969 Mithridate
995 3931 1030 3967 est
1041 3918 1180 3982 gerendum.

164 4011 202 4045 ιι.
214 3998 367 4051 Dubitabitis.
377 4003 452 4051 Multi
464 4003 537 4050 codd.
549 4006 632 4050 Oxou.
714 4018 739 4050 a.
752 4002 845 4050 Cetera.
857 3997 1191 4061 Bellaaeilicet.—1logium.

129 4073 246 4126 dubitatis.
259 4079 282 4127 J.
291 4083 323 4126 V.
336 4083 363 4128 L.
678 4082 769 4129 Contra
783 4097 857 4143 reges,
