2670 5198
303 398 500 466 ORATIO
526 400 627 467 PRO
653 398 786 467 LEGE
811 398 1048 467 MANILIA.
1156 396 1199 469 35

152 515 278 611 querit?
310 521 441 590 Vestra
465 517 752 590 admurmuratio
764 528 797 563 ¹⁰
824 517 931 605 lacit,
960 519 1139 609 Quirites,
1163 534 1205 591 ut

93 718 95 725 y
151 649 330 721 agnoscere
355 627 572 716 videamini,
600 631 664 725 qui
690 628 766 699 haec
792 626 954 699 fecerint.
983 631 1058 726 Ego
1083 643 1205 699 autem

93 738 96 817 ?
152 738 318 807 neminem
339 740 529 809 nomino¹¹
547 767 555 808 :
575 764 687 837 quare
706 742 810 809 irasci
825 737 914 808 mihi
932 762 1042 809 nemo
1059 740 1205 837 poterit,

93 838 96 843 ’
150 845 205 914 nisi
225 848 291 942 qui
309 861 395 918 ante
414 846 458 918 de
477 871 515 919 se
532 848 686 919 voluerit
702 846 875 920 confiteri.
893 852 1040 945 ltaque,
1058 864 1208 947 propter

152 952 229 1025 hanc
257 958 446 1026 avaritiam
475 961 761 1056 imperatorum,
791 974 944 1056 quantas
968 958 1207 1049 calamitates,

150 1087 374 1162 quoctnnque
404 1082 553 1138 ventum
583 1071 650 1153 sit,
684 1070 797 1139 nostri
825 1069 1005 1139 exercitus
1030 1066 1208 1154 ferant¹²,

149 1178 218 1269 quis
230 1176 400 1273 ignorat?
412 1176 600 1264 Itinera¹³,
619 1203 700 1275 quae
724 1205 789 1276 per
801 1177 911 1249 hosce
925 1201 1041 1248 annos
1055 1179 1092 1246 in
1106 1178 1208 1249 Italia

150 1307 203 1378 per
219 1309 327 1383 agros
346 1302 455 1384 atque
480 1290 616 1387 oppida
640 1291 771 1360 civium
797 1282 1078 1358 romanorum¹¹l
1096 1291 1209 1360 nostri

151 1391 376 1489 imperatores
391 1393 578 1483 fecerunt,
596 1397 838 1469 recordamini
854 1426 862 1468 :
878 1412 957 1468 tum
975 1396 1133 1483 facilius,
1145 1413 1212 1468 sta·

151 1506 262 1592 luetis,
287 1505 380 1602 quid
407 1507 507 1605 apud
532 1524 670 1579 exteras
698 1511 862 1579 nationes
885 1506 963 1578 fieri
987 1510 1208 1578 existimetis.

152 1615 267 1683 Utrum
292 1613 417 1712 plures
441 1616 668 1688 arbitramini
691 1642 759 1716 per
780 1617 889 1687 hosce
917 1640 1031 1686 annos
1055 1616 1210 1686 militum

154 1735 341 1794 vestrorum
363 1730 472 1796 armis
492 1726 653 1798 hostium
673 1726 806 1811 urbes,
830 1751 876 1795 an
895 1723 1073 1809 hibernis,
1097 1726 1212 1795 socio·

149 1854 218 1901 rum
238 1837 406 1906 civitates
426 1861 502 1908 esse
526 1835 681 1908 deletas?
700 1841 827 1932 Neque
848 1836 945 1906 enim
968 1850 1088 1931 potest
1109 1860 1212 1906 exer·

149 1941 246 2012 citum
273 1945 304 2013 is
331 1947 520 2018 continere
544 1947 761 2044 imperator,
785 1945 850 2041 qui
882 1968 920 2015 se
947 1945 1066 2040 ipsum
1081 1940 1113 1987 ¹⁵
1136 1968 1212 2014 non

148 2055 322 2138 eontinet;
341 2079 464 2153 nequo
483 2081 631 2127 severus
653 2083 731 2127 esse
754 2052 1020 2150 injudicando,
1044 2054 1108 2150 qui
1125 2053 1213 2123 alios

145 2162 177 2229 in
200 2186 237 2232 se
267 2188 415 2237 severos
440 2190 518 2237 esse
543 2165 682 2261 judices
709 2192 784 2237 non
813 2164 901 2234 vult.
929 2167 995 2234 Hic
1018 2154 1212 2247 miramur,

144 2269 233 2343 hunc
261 2272 451 2346 hominem
469 2274 499 2320 ¹⁶
526 2291 667 2347 tantum
707 2275 884 2348 excellere
920 2275 1070 2357 ceteris,
1106 2273 1210 2368 cujus

142 2377 298 2477 legiones
321 2389 374 2456 sic
399 2388 436 2456 in
461 2390 623 2458 Asiam¹⁷
650 2400 916 2486 pervenerunt,
942 2399 1077 2454 utnon
1101 2381 1210 2453 modo

142 2512 265 2564 manus
283 2496 375 2564 tanti
397 2499 594 2584 exercitus,
617 2497 681 2569 sed
694 2523 741 2569 ne
761 2498 950 2594 vestigium
965 2494 1114 2592 quidem
1136 2493 1211 2563 cui·

139 2623 245 2696 quam
270 2618 401 2702 pacato
428 2608 779 2681 nocuissedicatur?
804 2612 881 2677 Jam
903 2631 1010 2691 vero,
1034 2603 1207 2701 quemad·

139 2709 287 2783 modum
318 2713 450 2785 milites
480 2715 677 2788 hibernent
691 2712 735 2806 ¹⁸,
764 2716 928 2813 quotidie
956 2737 1142 2785 sermones
1167 2736 1207 2783 ac

174 2882 216 2917 ao.
249 2873 337 2919 Vestra
369 2873 573 2924 admurmuratio.
603 2877 648 2925 llic
691 2885 737 2933 per
757 2867 831 2916 hoece
850 2881 928 2914 anuos
942 2864 1034 2911 bellum
1051 2873 1145 2927 gestam
1160 2872 1207 2910 est.

136 2954 217 2996 tantus
226 2949 307 2998 tactu·
319 2961 355 2998 est
372 2954 506 3014 tumultus,
524 2964 552 3001 ut
565 2967 648 3003 orator
732 2957 770 3004 ¹4·
781 2950 828 2993 Per
837 2962 935 3010 “SM-u
947 2943 1033 2990 ΟΜΝ
1042 2959 1205 2990 mmmmm·

134 3023 206 3072 “lm
218 3029 538 3079 commutaturum
549 3032 647 3080 admur-
691 3027 756 3076 Nam
772 3025 858 3072 italicis
875 3022 974 3088 populla
993 3024 1079 3071 civitae
1093 3021 1150 3070 tiata
1168 3031 1205 3069 eat

134 3104 242 3152 natio
249 3104 296 3153 lata
304 3122 336 3154 ea
347 3104 441 3155 duabu·
450 3109 560 3172 partibus
569 3126 649 3175 oppo-
692 3107 762 3153 auula
773 3103 864 3151 abhinc
875 3103 971 3150 circiter
978 3116 1055 3150 xviia.

132 3181 188 3228 sitia
201 3195 257 3231 orta
270 3196 321 3242 eat,
335 3186 429 3236 scilicet
445 3203 476 3235 ex
494 3188 648 3253 depredato.
732 3185 771 3232 15.
793 3183 841 3245 Qui
853 3199 879 3230 se
895 3181 981 3246 ipsum.
999 3182 1090 3229 Erfurt.
1106 3195 1132 3227 ae
1144 3179 1204 3244 ipae.

131 3270 189 3306 an
200 3260 343 3310 fiutoelbua
354 3274 379 3311 et
391 3267 580 3316 aenatoribus.
693 3264 725 3311 Et
737 3266 773 3310 uo
789 3271 909 3325 perpetuo
922 3260 971 3307 tere
989 3259 1203 3323 loquiturTulliua

170 3352 214 3386 ra.
228 3340 358 3388 Neminem
376 3344 484 3392 nomino.
501 3346 549 3394 Sed
566 3348 649 3394 uotiua
693 3352 717 3389 tt
731 3341 782 3388 alli·

130 3426 185 3464 ent
192 3417 315 3466 Lucullus
324 3431 350 3468 et
357 3421 439 3469 ioman
448 3423 539 3471 Acillua
547 3425 649 3473 Glabrio
732 3421 772 3467 16.
780 3420 853 3465 Hunc
860 3415 992 3466 hominem.
1000 3415 1204 3479 Cul’ompaium.

128 3493 240 3544 mallo
259 3512 400 3561 succum,
420 3514 523 3563 parsque
546 3506 649 3552 mim
731 3513 773 3558 ¹⁷·
792 3498 824 3542 In
842 3496 936 3543 Asiam.
954 3495 1023 3543 Bello
1040 3496 1162 3542 maritimo
1178 3498 1205 3544 ita

128 3572 321 3636 imperatorum.
334 3576 424 3625 Orator
436 3595 528 3628 auuama
540 3594 590 3630 arte
603 3599 648 3647 po-
691 3575 831 3624 Ciliuiamet
839 3574 1057 3639 Pamphyliam-
1066 3575 1204 3622 Nonmdo

128 3649 292 3712 pulijudicio
302 3669 329 3701 ae
340 3657 516 3705 accommodat.
692 3668 786 3702 mur.
798 3653 856 3701 Non
864 3653 941 3700 modo
954 3654 1015 3701 nihil
1028 3653 1148 3717 rapuisse,
1161 3653 1205 3701 aed

168 3745 214 3780 aa.
226 3733 276 3779 18
285 3733 377 3782 Goion.
389 3734 511 3800 adferant.
522 3739 548 3787 J.
557 3739 590 3786 V.
605 3741 630 3786 L·
692 3749 723 3780 ue
734 3730 822 3795 pedem
833 3733 932 3795 quidem
942 3733 985 3780 ubl
995 3749 1046 3781 nou
1056 3732 1146 3780 licebat
1158 3747 1205 3794 po·

166 3809 210 3857 13.
226 3810 508 3862 Itinera.....a'ultala'a.
517 3816 598 3878 Quum
607 3819 649 3866 ad.
693 3812 770 3858 ruinae
792 3809 896 3858 dicatur.
919 3837 954 3848 -
977 3813 1080 3860 Pacato.
1104 3810 1205 3857 Pacatus

128 3900 217 3935 vatata
235 3887 425 3949 Mithridatem,
448 3891 548 3954 Cilices,
569 3894 650 3944 Serto·
693 3889 877 3937 &ciminum
886 3890 1150 3954 qu0ptwmwllmm·

128 3965 209 4023 tium,
226 3967 377 4030 Spartacum
389 3969 507 4017 eremitas
520 3970 649 4030 duma,
733 3969 773 4015 all.
784 3968 873 4017 Milites
879 3968 1013 4018 liberarent.
1027 3973 1078 4018 lato
1088 3979 1206 4032 tempore,

128 4055 170 4090 aut
180 4044 278 4092 bellum
289 4046 443 4104 Marsicum,
459 4064 501 4095 auu
512 4050 596 4110 civile,
608 4053 651 4099 ad·
695 4064 746 4112 quo
761 4047 791 4094 de
806 4048 859 4112 lege
874 4050 976 4098 Manilia
990 4051 1116 4115 agebatur,
1131 4049 1206 4095 Pom·

129 4122 315 4181 that-uanum
328 4138 388 4172 nam
410 4138 466 4172 cum
484 4126 523 4174 hia
539 4127 652 4178 hcatihua
695 4126 807 4193 peiuaad
815 4128 926 4177 Ciliciam
937 4140 1012 4177 matra
1024 4127 1135 4210 habebat.

1051 4193 1083 4263 3.
