2670 5198
214 798 261 847 ao
324 770 328 781 '
540 772 590 843 tt.
614 772 654 842 Τ.
680 770 964 846 CICERONIS

213 893 469 981 contulerunt3
489 894 656 991 quorum
672 894 835 992 ipsorum
856 918 925 994 per
943 918 983 967 se
1001 917 1061 967 res
1076 910 1114 968 et
1131 894 1292 973 fortunae

212 1031 309 1080 curae
328 1003 434 1076 vobis
452 1026 531 1076 esse
550 1002 698 1075 debent.
719 1007 864 1075 Etenim
882 1005 913 1076 si
930 1004 1133 1103 vectigalia,
1156 1033 1293 1081 nervos

213 1141 292 1189 esse
318 1112 549 1217 reipublicae,
577 1136 722 1211 semper
745 1113 936 1200 duximus;
959 1140 1043 1186 eum
1067 1132 1165 1188 certe
1187 1119 1293 1191 ordi·

212 1251 297 1299 nem
309 1280 319 1313 ,
331 1227 396 1322 qui
415 1236 558 1296 exercet
572 1223 654 1311 illa,
673 1221 945 1296 firmamentum
963 1240 1168 1297 ceterorum
1188 1228 1291 1301 ordi·

213 1344 327 1407 num²
349 1347 447 1405 recte
467 1357 545 1405 esse
565 1331 740 1404 dicemus.
764 1333 906 1404 Deinde
929 1336 1058 1406 ceteris
1080 1361 1125 1409 ex
1146 1336 1292 1410 ordini·

211 1443 309 1518 bus³
325 1445 494 1515 homines
510 1442 617 1540 gnavi
635 1457 673 1513 et
691 1441 864 1514 industrii
882 1445 1014 1542 partim
1033 1447 1129 1544 ipsit
1146 1449 1186 1518 iu
1206 1452 1291 1521 Asia

212 1556 458 1654 negotiantur,
471 1551 608 1650 quibus
619 1576 685 1625 vos
697 1550 909 1625 absentibus
924 1556 1116 1629 consulere
1126 1556 1290 1646 debetis;

212 1668 345 1764 partim
373 1687 456 1734 suas
485 1678 523 1734 et
550 1659 729 1733 suorum⁵
758 1665 797 1733 in
826 1686 867 1734 ea
898 1666 1085 1762 provincia
1113 1670 1291 1764 pecunias

212 1798 361 1874 magnas
388 1769 605 1844 collocatas⁶
630 1771 779 1844 habent.
813 1775 891 1844 Erit
915 1773 1025 1870 igitur
1051 1773 1291 1848 humanitatis

210 1899 356 1970 vestra,
375 1905 548 1980 magnum
568 1905 696 1953 eorum
719 1883 853 1953 civium
873 1907 1067 1955 nnmerum
1086 1885 1291 1960 calamitate

212 1993 428 2093 prohibera3
447 1993 651 2090 sapientiae,
670 1992 814 2080 videre,
830 1994 1031 2067 multorum
1049 1998 1183 2068 civium
1200 1996 1290 2071 cala·

211 2109 376 2175 mitatem
390 2101 611 2201 erepublica
624 2103 826 2198 sejunctam
840 2127 918 2175 esse
930 2131 1004 2176 non
1018 2130 1134 2204 posse.
1146 2110 1290 2182 Etenim

211 2213 301 2286 illud
316 2215 475 2312 primurn
491 2214 592 2312 parvi
605 2211 732 2300 refert,
747 2237 812 2285 vos
823 2212 1027 2312 publicanis
1040 2218 1168 2289 amissa
1178 2220 1292 2291 vecti-

212 2326 303 2423 galia
323 2340 449 2423 postea
468 2327 618 2396 victoria
640 2349 878 2423 recuperare:
897 2351 1020 2425 neque
1042 2330 1139 2401 enirn
1160 2329 1292 2403 iisdem

212 2433 415 2506 redimendi
434 2433 585 2506 facultas
603 2436 690 2524 erit,
708 2449 861 2533 propter
878 2435 1152 2525 calamitatemt,
1165 2462 1292 2536 neque

212 2544 291 2614 aliis
309 2543 498 2630 voluntas,
525 2558 677 2642 propter
701 2546 881 2615 timorem.
906 2544 1067 2633 Deinde,
1094 2544 1195 2643 quod
1219 2573 1292 2621 nos

214 2654 343 2726 eadem
368 2653 469 2740 Asia,
488 2668 598 2751 atque
620 2653 718 2725 idem
737 2656 803 2726 iste
828 2654 1056 2726 Mithridates
1077 2655 1180 2727 initio
1204 2655 1292 2729 belli

214 2765 358 2835 Asiatici
372 2762 498 2834 docuit
507 2758 543 2850 ⁸3
558 2764 597 2834 id
611 2764 760 2862 quidem
777 2781 874 2836 certe
888 2764 1088 2836 calamitate
1102 2764 1202 2837 docti
1217 2792 1292 2840 me-

214 2875 329 2946 moria
343 2875 501 2947 retinere
517 2872 716 2946 debemus:
735 2899 822 2947 nam
835 2888 934 2961 tum,
951 2899 1066 2971 quum
1081 2877 1118 2944 in
1135 2877 1217 2949 Asia
1233 2904 1293 2951 res

214 2984 566 3083 magnas'permulti
597 2986 813 3074 amiserant,
843 2988 995 3068 scimus,
1021 2988 1165 3073 Romae,
1187 2989 1293 3059 solu-

214 3097 315 3170 tione
333 3096 527 3196 impedita,
545 3096 656 3169 fidem
672 3096 884 3169 coricidisse.
908 3100 989 3166 Non
1012 3100 1109 3167 enim
1134 3116 1294 3195 possunt

215 3295 352 3345 rationibus
363 3295 429 3342 idem
441 3304 478 3343 cst
488 3310 517 3342 ac
526 3293 575 3341 suis
589 3291 730 3341 ammodo.
773 3289 854 3339 modis
861 3289 999 3349 νεηνίεω,
1007 3288 1152 3338 Plutarchus
1158 3302 1248 3340 suctos
1254 3303 1294 3341 cst

215 3403 251 3414 -
260 3374 358 3438 Copias,
367 3373 462 3421 scilieet
472 3388 528 3420 snas
541 3387 614 3436 opes,
622 3371 730 3432 divitias,
773 3369 801 3418 iu
811 3371 861 3417 vita
872 3368 978 3420 Luculli»

216 3457 334 3503 tonunss.
538 3496 540 3501 .
776 3490 780 3497 .
811 3448 838 3499 6.
864 3447 1004 3496 Collocutus
1025 3446 1123 3497 labent.
1150 3449 1292 3500 Latit'undia

252 3548 279 3579 a.
292 3531 493 3578 Idrmamcntum.
504 3561 529 3576 ..
548 3528 670 3579 ordinum.
689 3529 729 3577 Si·
775 3537 884 3577 emerant
891 3524 951 3574 lisca
960 3526 1071 3583 addicta,
1084 3537 1108 3574 et
1116 3529 1249 3591 pecuniam
1255 3529 1294 3578 ibi

216 3608 469 3659 militetinorstious
483 3623 529 3671 pro
542 3608 730 3659 Punoonttlos
774 3608 864 3657 toemsri
884 3616 1034 3670 posuerant,
1056 3615 1084 3653 ut
1106 3607 1196 3654 Brutus
1224 3608 1293 3673 apud

216 3688 326 3753 equitum
337 3701 511 3745 romanorum,
522 3698 691 3735 oruamentum
699 3687 732 3734 ci·
775 3687 894 3752 Cyprios,
905 3685 936 3734 de
948 3700 998 3751 quo
1007 3685 1095 3734 Cicero
1106 3685 1134 3733 in
1146 3685 1253 3750 epistola
1258 3688 1292 3737 ad

215 3767 310 3823 vitatis,
323 3763 503 3813 firmamentum
515 3764 671 3829 reipublicae,
684 3781 729 3830 pu·
774 3765 896 3814 Atticum.

215 3846 368 3894 blicaaonun
378 3843 465 3891 ordine
475 3845 641 3894 continetur».
811 3859 835 3902 7.
848 3846 953 3907 Propter
972 3842 1146 3891 calamitatem.
1160 3845 1246 3907 Quum
1260 3843 1291 3893 ds

253 3924 278 3974 3.
296 3923 384 3972 Ceteris
402 3939 435 3970 ex
456 3922 592 3979 ordinibus.
614 3924 730 3988 Exceptis
773 3921 878 3970 t'ortuuis
892 3921 1007 3969 omnibus
1019 3920 1156 3982 deturbati,
1175 3925 1291 3988 exequi·

215 4002 484 4066 senatoribm,quihus
497 4004 618 4066 negotiari
629 4020 681 4052 aon
699 4004 730 4051 li·
774 4010 826 4050 tum
840 4000 927 4048 ordine
939 3999 1093 4049 delebuntur.

215 4084 292 4135 cebat.
811 4082 836 4129 8.
856 4078 1013 4128 Mithridates
1037 4079 1130 4130 docuit.
1152 4082 1184 4130 st
1200 4081 1291 4131 abhinc
1328 4100 1331 4130 t

252 4168 277 4223 4.
291 4163 383 4212 Aberat
393 4159 446 4225 ipsi.
456 4160 695 4212 Dautcodd.Wcrd.
706 4174 729 4211 et
773 4159 858 4218 cunis,
875 4159 1033 4209 Mithridates
1048 4160 1132 4209 Asiam
1150 4162 1233 4226 cepit,
1244 4179 1291 4228 pu·
1313 4196 1324 4207 ,

215 4244 326 4308 Hittorp.
342 4241 435 4292 Guliel.
445 4241 575 4307 probante.
587 4243 612 4291 J.
621 4244 652 4291 V.
665 4245 693 4291 L.
774 4236 884 4287 blicanos
898 4241 1037 4303 oppressit,
1058 4249 1082 4286 et
1095 4240 1206 4289 omnium
1225 4242 1290 4291 bons
1324 4264 1331 4293 s

252 4324 276 4373 i.
285 4323 730 4371 Suosetsuornm.1anumerostamin
775 4316 892 4382 diripuit3
905 4317 963 4365 hinc
974 4316 1036 4366 fides
1047 4320 1133 4367 Romae
1143 4322 1250 4384 cecidit,
1264 4320 1289 4369 id
1323 4342 1331 4367 ι

214 4403 273 4454 Asis
283 4401 428 4466 publicanos
436 4416 466 4449 ac
476 4401 728 4464 lamentorum,
773 4406 824 4455 cst,
844 4395 979 4454 creditum,⁸
1005 4398 1074 4461 quod
1095 4416 1193 4466 semper
1208 4399 1289 4452 evcnit
1321 4420 1331 4441 =

214 4491 341 4544 saumque
352 4477 629 4544 provincismomnibus
635 4480 729 4529 incom-
773 4485 832 4539 post
844 4474 939 4525 dadau
952 4491 1074 4540 msgm.
