2678 4800
225 363 429 447 onnrrol
445 363 543 429 nno
567 363 705 431 neon
729 340 964 431 uturum.
1085 361 1128 436 15

58 504 150 559 terra
182 487 348 582 marique
381 496 588 580 gereretur,
618 506 682 554 vos
714 483 861 580 ancipiti
892 485 1129 558 contentione

56 595 227 684 districti,
247 593 294 665 de
315 595 470 691 imperio
493 591 720 664 dimicaretis.
744 591 815 663 Sed
838 606 960 665 tamen
982 595 1130 668 alterius

56 706 166 804 partis
198 703 424 802 periculum,
455 703 668 773 Sertorianae
701 715 812 798 atque
844 704 1090 801 Hispaniensis
1101 710 1130 795 ⁴,

56 839 136 911 qnae
170 809 288 885 multo
326 811 409 909 plus
443 808 662 882 firmamenti
695 834 736 882 ac
771 811 914 884 roboris
948 812 1129 906 habebat,

56 929 118 996 Cn.
142 924 307 1020 Pompeii
331 920 456 992 divino
481 923 633 993 consilio
652 946 693 992 ac
718 922 888 1019 singulari
912 927 1045 997 virtute
1066 924 1130 1016 de·

55 1034 203 1132 pulsum
213 1049 286 1122 est3
298 1035 337 1103 in
349 1033 462 1103 altera
473 1047 574 1130 parte
589 1033 638 1103 ita
646 1057 705 1103 res
718 1057 737 1103 a
750 1037 788 1103 L.
803 1032 971 1122 Lucullo,
985 1059 1129 1108 summo

55 1147 150 1231 tiro,
176 1158 232 1215 est
253 1141 519 1228 administrata,
543 1157 584 1213 ut
609 1142 710 1212 initia
729 1141 789 1212 illa
808 1157 990 1239 gestarum
1007 1169 1130 1217 rerum
1160 1165 1164 1172 ·

54 1277 183 1350 magna
197 1266 308 1348 atque
320 1238 507 1349 preclua,
527 1276 602 1322 non
617 1249 778 1322 felicitati
794 1253 894 1346 ejus,
912 1253 976 1324 sed
989 1257 1130 1340 virtuti3

55 1363 129 1434 hnc
157 1376 279 1434 autem
310 1377 471 1434 extrema
480 1359 507 1450 ⁵,
536 1387 618 1459 quae
649 1385 768 1460 nuper
795 1362 1027 1452 acciderunt,
1057 1390 1131 1437 non

54 1474 193 1571 culpae,
218 1473 282 1545 sed
299 1471 454 1545 fortunae
473 1470 666 1544 tribuenda
685 1497 761 1543 esse
777 1471 976 1545 videantur.
998 1474 1068 1547 Sed
1086 1474 1132 1547 de

56 1582 215 1655 Lucullo
240 1582 355 1654 dicam
381 1583 452 1654 alio
473 1582 574 1669 loco,
599 1597 635 1653 et
657 1586 706 1653 ita
728 1581 868 1670 dicam,
891 1585 1067 1673 Quirites,
1091 1599 1133 1657 ut

56 1716 179 1790 neque
209 1716 292 1763 vera
317 1691 395 1765 laus
420 1694 453 1762 ei
475 1691 637 1763 detracta
659 1693 824 1762 oratione
850 1707 992 1781 nostra,
1011 1718 1132 1790 neque

56 1800 146 1873 falsa
162 1797 306 1873 afficta⁶
323 1826 401 1875 esse
415 1801 589 1872 videatur.
606 1806 661 1871 De
675 1803 784 1871 vestri
799 1801 943 1898 imperii
957 1801 1133 1899 dignitate

54 1927 166 2009 atque
185 1913 318 2010 gioria,
339 1913 514 2009 quoniam
537 1913 566 1981 is
589 1924 643 1981 est
664 1935 814 1982 exorsus
833 1912 1008 1982 orationis
1021 1936 1131 2000 meze,

55 2024 176 2095 videte
199 2047 309 2119 quem
326 2021 430 2094 vobis
452 2024 613 2093 animum
635 2020 907 2119 suscipiendum
928 2024 1074 2120 putetis.

103 2137 149 2202 V.
174 2134 332 2228 Majores
347 2134 479 2204 vestri¹
503 2157 615 2230 saepr,
640 2131 902 2203 mercatoribus
921 2156 962 2203 ac
983 2137 1132 2207 navicu·

56 2243 180 2314 lariis²
205 2239 412 2337 injuriosius
434 2247 613 2330 tractatis,
640 2243 735 2314 heila
758 2256 972 2341 gesserunt:
993 2268 1057 2316 vos
1079 2259 1135 2317 tot

55 2354 195 2425 civium
213 2378 450 2425 romanorum
479 2352 640 2424 millibus
666 2378 743 2424 uno
770 2356 902 2423 nuntio
929 2366 1038 2450 atque
1057 2379 1133 2426 uno

55 2478 224 2561 tempore
249 2469 406 2552 necatis,
434 2489 510 2563 quo
537 2462 683 2536 tandem
712 2466 834 2535 animo
861 2487 937 2535 esse
966 2462 1134 2535 debetis?

56 2575 182 2673 legati
206 2573 309 2670 quod
338 2590 441 2646 erant
468 2574 639 2672 appellati
663 2571 858 2670 superbius
867 2570 895 2662 ³,
915 2571 1152 2676 Corinthum·

90 2763 118 2809 4.
139 2753 287 2801 Sereon’m
307 2764 382 2816 atque
395 2752 571 2817 Hispaniensi).
616 2751 764 2815 -Majores
771 2749 1008 2800 veseri.Cohortntio
1017 2767 1061 2815 per
1069 2766 1134 2798 conr·

57 2833 180 2880 Smorim
195 2831 313 2896 plurimrs
333 2830 462 2879 Ulteriorii
481 2832 572 2895 Hirpo-
616 2829 782 2893 perationem
796 2840 824 2876 ut
838 2846 869 2877 ex
880 2829 966 2876 eodem
978 2830 1046 2876 fonte
1060 2831 1136 2877 sumi·

57 2910 103 2958 niae
111 2910 259 2958 eiviutuin
270 2919 416 2974 potentatem
424 2927 492 2958 mam
503 2911 571 2958 rede·
617 2922 657 2958 tnr
668 2908 865 2972 neonsatio‚'quo
879 2907 910 2955 de
928 2922 1015 2971 genere
1026 2907 1132 2957 diximus

57 2999 132 3053 gerat.
616 2989 642 3036 in
656 3003 685 3036 eo
697 2989 763 3046 loco,
772 2987 840 3036 lint
852 2991 878 3034 in
888 2988 958 3035 Verr.
973 3009 987 3027 κ
999 2986 1063 3035 vide
1073 2987 1134 3051 quid

91 3068 118 3115 5.
132 3069 288 3116 vacarum
301 3080 420 3116 extrema.
432 3069 572 3117 Cladmo·
618 3069 713 3116 intersit
734 3068 877 3116 intertum
893 3065 1035 3126 libidinem,
1056 3069 1134 3129 maj0-

57 3158 127 3211 oeptn
142 3146 252 3210 primum
269 3162 284 3194 ι
302 3147 396 3205 Fabio,
411 3146 499 3195 deinde
518 3151 572 3197 aL.
617 3163 719 3211 rumque
740 3147 927 3205 anctoritatem,
943 3146 1009 3195 inter
1026 3163 1134 3195 amorem

57 3225 165 3283 Triario,
174 3224 327 3274 Mithridatis
333 3225 425 3274 reditun
433 3228 462 3273 in
467 3228 574 3275 Pontum
618 3227 772 3291 furoremque
783 3239 853 3274 tuum
863 3226 993 3275 utiliorum
1006 3227 1134 3276 eonsilium

56 3315 203 3369 «ψη
223 3304 341 3368 tuiregni
359 3315 470 3369 purtem,
484 3306 573 3354 muita-
617 3315 690 3370 utque
702 3305 887 3370 prudentiam».

57 3400 109 3432 m
120 3384 253 3432 mtionnm
268 3396 394 3432 eontracta
404 3385 463 3433 belli
472 3387 574 3434 societas
655 3400 680 3433 n.
696 3383 737 3431 Sio
751 3384 819 3432 Febr.
831 3383 888 3432 eod.
907 3385 966 3430 Fero
981 3400 1065 3432 omnen
1078 3385 1135 3449 alii,

10 3458 12 3463 ’
57 3479 113 3511 m
125 3464 234 3527 Tignne
255 3474 280 3512 et
294 3463 438 3512 Mithridate
460 3466 575 3513 rdverrni
620 3472 679 3510 reue
693 3464 792 3511 Gruter.
810 3461 1028 3511 naviculatoribus.
1039 3465 1096 3513 Π.
1107 3467 1135 3514 L.

56 3541 327 3608 popnimromenum.
656 3540 1136 3606 3.Appe11atisuperbius.Offemionem

91 3623 117 3669 6.
130 3621 208 3670 Faba
221 3621 317 3688 afficta.
326 3623 418 3672 Erfnrt.
428 3633 452 3671 et
462 3623 526 3671 Pith.
537 3638 577 3672 ex·
619 3621 743 3669 imminuit
757 3621 861 3680 Cioero,
875 3636 925 3683 quo
939 3620 1016 3684 magii
1027 3623 1136 3687 populus

10 3694 12 3717 ¹
58 3710 154 3764 αφιε,
165 3698 444 3768 noquefalsaacſscta.
457 3701 577 3751 Sieetinm
621 3717 736 3749 romanor
752 3701 780 3748 in
796 3700 965 3748 Mithridatem
981 3701 1134 3762 incendatur,

59 3777 96 3825 td.
109 3779 189 3828 16⁸3.
620 3781 664 3844 qui
687 3780 794 3844 legatum
816 3780 1093 3829 consularemrinoulit
1106 3797 1136 3830 tto

89 3856 123 3906 V.
147 3875 173 3906 x.
186 3857 297 3924 Majom
307 3859 390 3907 vestri.
411 3858 495 3908 Editio
508 3869 577 3907 vetuo
621 3859 777 3920 verberibus,
790 3870 864 3923 etque
873 3860 940 3908 omni
954 3860 1078 3923 supplicio
1089 3877 1136 3908 ex·

60 3937 151 3995 mni,
176 3937 348 4003 acceduntque
368 3939 445 4003 aliqui
468 3939 528 3989 Pell.
546 3954 575 3987 ne
621 3941 755 3988 cruciatum
768 3951 904 3989 necaverat.
912 3943 1016 4003 Legatos
1029 3940 1071 3987 ille
1084 3951 1135 3988 emt

61 4014 207 4065 Golieimni
219 4053 228 4080 ‚
251 4029 280 4066 nt
297 4029 323 4066 ot
341 4019 438 4067 Frnneii
458 4030 575 4082 uterque,
619 4021 664 4068 Μ’.
671 4019 803 4083 Aquillius,
816 4020 858 4083 qui
867 4035 951 4068 nervos
964 4020 990 4066 in
1001 4019 1083 4067 Sicilie
1091 4019 1135 4068 de·

62 4091 121 4144 iiiia
131 4098 251 4159 Veneta,
260 4096 318 4146 cod.
330 4098 402 4148 Brrb.
416 4101 575 4163 otAnonynr.
620 4099 729 4159 vinetum
742 4098 829 4148 comui
842 4109 922 4148 nutem
937 4115 994 4148 oum
1012 4100 1040 4149 G.
1052 4099 1135 4147 Mario
