2670 5198
85 776 110 859 ι
250 790 252 795 J
427 739 828 835 innumerarum(

124 889 324 972 triumpharit.
333 890 473 948 tntae.
481 887 538 944 683
547 905 613 944 cum
625 889 666 943 Μ.
676 883 790 943 Licinio
798 887 901 942 Crasso
912 887 1093 947 consulatum
1101 909 1142 967 ges

125 993 175 1060 sit3
193 1009 271 1050 anno
289 1000 385 1046 autem
403 986 478 1057 686,
499 984 658 1063 imperator
670 981 809 1045 advenas
823 979 944 1061 piratas,
964 985 1016 1060 qui
1030 989 1142 1048 marin<

125 1107 192 1147 oras
207 1085 366 1146 maritimas
379 1083 498 1144 inleatm
514 1078 685 1152 reddebant,
696 1079 881 1148 constitutus,
888 1077 996 1144 bellum
1012 1082 1070 1142 hoc
1083 1088 1142 1165 pira

128 1187 215 1243 ticum
226 1183 321 1240 hieme
334 1179 502 1259 apparavit,
512 1179 631 1237 ineunte
645 1197 713 1235 vere
726 1175 868 1254 suscepit,
881 1175 1085 1240 mediaaestate
1098 1205 1142 1243 001

128 1280 206 1343 lecit.
221 1282 363 1338 An.U.C.
378 1278 447 1350 687,
461 1295 553 1355 quum
566 1275 724 1335 etiamnum
736 1273 892 1350 Pompeius
903 1272 935 1330 in
947 1274 1051 1337 Cilicia
1061 1298 1142 1340 versa

128 1393 210 1439 retur
240 1376 277 1436 ad
315 1374 453 1454 reliquias
477 1372 547 1433 belli
570 1371 687 1452 piratici
714 1368 956 1450 exstinguendae,
976 1377 1019 1433 M.
1044 1379 1142 1437 AEmili

128 1474 259 1556 Lepido,
286 1478 321 1536 L.
340 1472 475 1533 Volcatio
496 1471 582 1535 Tullo
606 1467 680 1530 coss.
701 1468 841 1529 Cioerone
863 1480 1019 1551 praeturam
1043 1490 1142 1552 agenta

129 1578 161 1635 C.
170 1572 308 1635 Manilius
320 1568 387 1633 trib.
402 1567 498 1650 plebis
511 1569 604 1647 legem
614 1567 695 1638 tulit,
710 1577 743 1627 ut
752 1564 893 1644 Pompeio
908 1565 1055 1644 Bithynia,
1071 1571 1142 1650 th

129 1671 192 1749 gia,
204 1666 366 1748 Lycaonia,
381 1666 511 1738 Galatia,
527 1662 727 1744 Cappadocia,
744 1661 857 1735 Cilicia,
875 1661 1011 1736 Colchis,
1026 1669 1139 1726 Amen

129 1768 229 1827 Minor
241 1763 399 1827 cumomni
413 1775 556 1843 apparatu
572 1760 642 1823 belli
655 1759 784 1838 piratici,
798 1771 828 1819 et
842 1758 934 1837 copiis
944 1801 953 1830 ,
965 1779 1034 1837 que
1042 1763 1142 1823 suer

127 1865 205 1927 callo
217 1862 424 1935 militaverant,
439 1858 607 1937 bellumque
626 1856 768 1919 adversus
784 1855 985 1919 Mithridatem
1004 1862 1138 1936 gerendo

131 1961 375 2023 committeretur.

171 2053 358 2117 Midrridates
371 2054 509 2113 nimirum
523 2046 694 2129 (Eupator),
711 2047 891 2111 Mithridatis
906 2053 1056 2128 Euergete
1073 2058 1107 2113 F.
1117 2075 1142 2132 qr

131 2175 176 2213 an.
192 2157 229 2214 U.
246 2156 280 2213 C.
301 2152 360 2219 634
375 2151 405 2211 in
419 2149 505 2210 Ponti
523 2166 615 2225 regno
629 2146 704 2225 patri
728 2159 920 2218 successerat,
942 2148 1015 2207 inita
1031 2170 1100 2208 cum
1114 2157 1142 2211 tt

131 2249 252 2310 comede
272 2248 416 2326 Bithyniae
435 2267 500 2320 rege
520 2246 657 2305 societate
671 2243 897 2322 Paphlagoniam
911 2245 1028 2318 iurarit,
1045 2268 1142 2328 eamqr

132 2368 197 2408 cum
216 2347 297 2408 socio
318 2345 433 2419 divisit;
450 2365 505 2405 nec
520 2341 713 2420 legationibus
727 2360 762 2401 ac
781 2341 868 2403 minis
882 2347 1085 2405 nemorum
1101 2347 1142 2406 ab⁴

133 2444 265 2515 territus,
282 2441 425 2500 Galatiam
443 2438 608 2515 occuparit.
619 2435 733 2497 Deinde
749 2437 937 2501 Nicomedem
952 2440 1119 2519 Bithyniae,

133 2538 361 2598 Ariobarzanem
379 2535 573 2615 Cappadociae
587 2553 701 2613 regem,
717 2536 812 2613 regnis
828 2537 887 2597 suis
899 2556 958 2597 uon
972 2539 1034 2597 siue
1048 2543 1142 2602 Mithr

57 2712 62 2717 ¹
82 2698 89 2706 ,
118 2635 211 2719 „datis
224 2634 346 2695 consilio
361 2646 494 2703 exactos,
507 2645 624 2691 senatus
639 2633 741 2711 populi
757 2633 869 2693 romani
880 2654 971 2712 quum
982 2637 1096 2696 restitui
1104 2639 1142 2716 ju

21 2770 33 2807 ·.
53 2744 65 2812 j
136 2718 317 2816 ιίιιιμὶιὶίιιί·
326 2743 394 2789 sunt
407 2728 470 2806 ejus
482 2730 525 2789 rei
538 2749 624 2788 cansa
640 2729 746 2805 legati
738 2749 768 2786 ιιι
780 2730 876 2791 Asiam
883 2751 1025 2809 ,quorum
1033 2738 1142 2815 ριιιιοει

96 2822 104 2833 ”
134 2808 262 2887 eraitM':
270 2798 426 2906 'liqirillius
442 2831 665 2889 launacumL
680 2825 778 2886 Cassio
788 2847 839 2902 qm
852 2829 949 2889 Asiam
964 2834 1142 2909 Pergamena

15 2917 66 3014 j}
109 2920 119 2996 J
129 2910 304 3004 obtinebat
325 2944 408 3002 reges
420 2924 508 2983 illos
501 2945 532 2983 tn
545 2943 636 3002 regna
652 2921 786 2994 reduxit3
803 2935 926 3002 uterque
939 2939 1037 2986 autem
1050 2930 1087 2989 iis
1103 2951 1141 3008 pe

134 3003 244 3106 iiraijt,
267 3035 300 3080 ut
315 3019 559 3083 incursionibus
552 3041 582 3079 tn
601 3019 779 3081 Mithridatis
796 3040 914 3097 regnum
926 3021 1003 3081 belli
1021 3027 1142 3085 materia

11 3106 83 3201 υἶ·ῐ,”
99 3130 112 3175 ·.
128 3115 244 3209 'elisar-e.
236 3123 308 3175 iem.
324 3115 537 3177 Nicomedes
512 3136 539 3175 er
554 3112 676 3177 consilio
693 3115 806 3195 paruit,
832 3129 862 3175 et
878 3136 1058 3194 magnacum
1074 3143 1142 3198 prae

128 3196 257 3279 dbmitr'u
274 3216 369 3279 rediit.
392 3215 577 3277 Mithridates
589 3214 627 3275 ad
640 3222 835 3274 Romanorum
849 3215 937 3275 duces
951 3218 1124 3297 Pelopidam
1137 3225 1142 3280 Ι

136 3331 236 3394 garum
250 3315 343 3386 misit,
368 3334 418 3391 qur
410 3314 471 3371 dc
464 3333 519 3371 ea
535 3333 566 3371 re
582 3325 762 3389 quereretur.
783 3316 892 3370 horum
904 3333 1063 3392 responso
1083 3339 1142 3396 qun

137 3415 171 3471 iis
189 3435 242 3470 nec
258 3408 460 3471 Mithridatem
474 3429 492 3465 a
505 3405 664 3465 Nicomede
680 3408 860 3483 oppugnari,
879 3429 932 3466 nec
948 3409 1056 3470 bellum
1074 3414 1112 3472 ab
1127 3417 1142 3474 il

139 3505 294 3565 Nicomedi
320 3503 423 3563 iuserri
441 3503 583 3580 placeret,
608 3503 694 3565 Ponti
712 3524 763 3565 rex
784 3505 901 3574 minime
918 3507 1048 3579 laetatus,
1068 3511 1142 3570 iteru

139 3599 330 3682 Cappadociae
350 3618 487 3679 regnum,
503 3599 588 3675 pulso
599 3598 810 3672 Ariobarzane,
830 3605 993 3680 occupavit.
1009 3613 1078 3679 Quo
1098 3610 1142 3668 fac

103 3749 106 3756 ,
140 3705 172 3756 L.
183 3697 316 3770 Cassius,
327 3697 376 3757 Μ’.
387 3695 549 3774 Aquillius,
561 3698 718 3775 Q.Oppius
732 3700 860 3759 exercitu
872 3701 1006 3761 celeriter
1015 3719 1142 3764 contraet

139 3790 281 3868 adjunctis
296 3789 382 3851 etiam
397 3788 564 3849 Nicomedis
576 3789 686 3866 copiis,
703 3789 812 3850 bellum
825 3792 962 3852 adversus
975 3796 1142 3858 Mithridate

140 3900 337 3966 susceperunt.
355 3892 399 3947 Ac
415 3885 588 3949 Nicomedes
603 3886 721 3965 quidem
735 3887 814 3966 apud
827 3891 960 3949 Amnum
974 3893 1096 3954 fluvium
1111 3918 1142 3955 cr

141 3983 319 4042 Mithridatis
329 3982 452 4041 ducibus
464 3983 603 4054 conflixit,
618 3983 776 4060 praelioque
790 3999 954 4063 superatus,
967 4003 1034 4066 post
1044 4011 1142 4070 magna

143 4101 262 4139 suorum
285 4093 409 4158 stragem
428 4079 502 4157 sugit
521 4081 552 4141 in
574 4078 822 4158 Paphlagoniam,
847 4086 897 4145 Μ’.
914 4087 1059 4163 Aquillius
1079 4106 1141 4149 cast

145 4178 264 4250 amissis,
279 4178 405 4259 primum
418 4179 449 4236 in
463 4183 651 4257 Pergamum,
666 4177 771 4239 deinde
782 4181 811 4238 in
826 4181 964 4244 ilbodum
980 4188 1090 4259 erasm
1107 4195 1142 4249 Ca

25 4332 28 4337 ,
146 4279 203 4336 sius
216 4283 390 4360 Apameam,
404 4277 519 4357 Oppius
528 4277 701 4340 Laodiceam
712 4280 806 4357 petiit.
818 4281 1002 4343 Mithridates
1013 4284 1141 4366 Phrygia

144 4374 290 4451 Mysiam,
320 4374 437 4442 asiam,
461 4374 601 4453 Lyciam,
632 4376 832 4455 Pamphyliam
869 4377 998 4456 subegit,
1027 4382 1142 4463 ipsumq

146 4473 197 4535 Μ’.
211 4471 370 4550 Aquillium
393 4484 510 4550 captum
535 4472 734 4549 vinctumque,
755 4486 842 4551 atquc
864 4476 943 4533 omni
963 4479 1110 4554 supplicio
1130 4504 1142 4540 ι
