2670 5198
149 364 347 435 ORATIO
371 366 469 437 PRO
494 367 636 437 LEGE
661 367 893 438 Msttttts.
1004 366 1053 454 43

109 485 278 585 populum
296 512 489 560 romanum
503 490 697 561 auctoritas
715 502 795 577 tus,
812 512 923 586 qnam
940 488 1054 587 ipsius

109 658 111 664 ι
138 601 280 667 romani
307 598 402 671 salus
427 614 465 671 et
492 623 575 670 vera
604 622 709 670 causa
736 597 920 697 valuisset,
943 597 1054 671 bodie

109 706 253 803 gloriam
277 722 387 805 atque
408 709 479 781 hoc
498 708 598 781 orbis
616 723 719 780 terrae
736 708 931 806 imperium
948 721 1051 779 tene·

113 816 208 886 lAn
236 815 302 887 tibi
325 833 402 888 tum
428 820 621 916 imperium
645 842 727 889 esse
753 816 824 888 hoc
850 816 1051 907 videbam,

116 926 244 1024 popu-li
262 930 403 998 romani
427 928 554 1027 legati,
576 943 764 1027 praetores,
781 942 1052 1026 questoresque

110 1037 242 1107 auhn?
253 1062 368 1134 quum
381 1063 426 1109 ex
439 1039 611 1110 omnibus
624 1039 819 1138 provinciis
833 1052 1051 1127 oommeam,

109 1161 188 1234 ato,
200 1161 239 1216 et
250 1146 413 1242 publico,
428 1148 736 1248 prohibebamur?
746 1173 862 1247 quum
872 1149 922 1218 ita
931 1146 1052 1220 clausa

115 1255 224 1327 nobis
251 1261 372 1330 omnia
403 1247 533 1343 maria,
560 1274 750 1357 utusque
776 1261 949 1358 privatam
970 1283 1049 1330 rem

109 1368 276 1456 urinam,
296 1393 417 1465 nsque
436 1370 619 1468 publicam
633 1369 706 1466 jam
722 1368 823 1440 obire
840 1370 1050 1468 possemus?

109 1481 160 1549 [ll.
187 1480 277 1569 Quas
299 1479 421 1550 civitas
443 1494 547 1552 antea
568 1504 741 1577 umquam
762 1477 847 1566 fuit,
868 1503 943 1549 non
965 1477 1048 1550 dioo
1108 1493 1114 1502 '

109 1590 271 1677 ensi-um,
304 1613 385 1685 quae
420 1593 504 1661 satis
537 1591 606 1662 late
641 1590 827 1688 quondam
855 1614 957 1661 mare
994 1604 1047 1661 te·

113 1707 124 1739 ¹
150 1695 297 1786 dicitur3
318 1723 392 1769 non
414 1699 785 1796 Carthaginiensium,
808 1701 872 1797 qui
887 1699 1048 1797 permul-

109 1829 188 1876 asse
212 1812 471 1907 maritimisque
491 1808 604 1881 rebus
620 1809 830 1896 valuerunt3
854 1833 929 1879 non
947 1808 1048 1880 Rbo-

109 1939 142 2002 t,
161 1933 320 2013 quorum
342 1944 459 2016 usque
474 1918 519 1989 ad
534 1933 694 1989 nostram
712 1921 924 1988 memoriam
940 1917 1067 1989 disci·-

109 2027 226 2098 tavalis
240 2043 275 2099 et
293 2028 405 2124 gloria
420 2029 613 2099 remansit:
632 2052 713 2126 quae
731 2028 855 2099 civitas
868 2032 1044 2124 umquam

108 2149 182 2204 tam
212 2142 350 2224 tenuis,
370 2163 450 2235 quae
477 2153 548 2208 tam
576 2162 685 2236 parva
714 2137 832 2208 insula
852 2134 943 2223 tuit,
964 2162 1046 2235 qun

109 2260 195 2316 irtus
209 2271 312 2333 suos,
328 2261 363 2319 et
377 2272 501 2344 agros,
515 2264 552 2319 et
565 2248 721 2345 aliquam
736 2262 875 2344 partem
889 2249 1046 2343 regionis

109 2378 174 2424 nrae
187 2358 373 2427 maritimae
391 2382 454 2455 per
470 2383 508 2429 se
523 2360 600 2456 ipsa
612 2356 844 2429 defenderet?
863 2361 910 2427 At
923 2357 1044 2430 hercle

109 2487 113 2532 :
141 2489 257 2535 anuos
287 2468 481 2537 continuos
508 2483 591 2549 ante
618 2468 734 2565 legem
763 2465 953 2537 Gabiniam
983 2467 1043 2539 ille

109 2598 134 2644 ts
156 2599 346 2661 romanus,
370 2577 491 2672 cujus,
512 2603 630 2676 usque
653 2578 700 2648 ad
725 2593 886 2649 nostram
905 2601 1043 2648 memo·

109 2708 241 2755 nomen
260 2687 434 2757 invictum
457 2691 495 2758 in
514 2687 702 2759 navalibus
723 2691 855 2786 pugnis
872 2711 1041 2783 perman·

109 2819 242 2892 magua
261 2820 302 2867 ac
323 2797 437 2868 multo
458 2800 614 2868 maxima
635 2812 736 2895 parte
755 2821 831 2866 non
850 2794 960 2867 modo
975 2798 1044 2867 uti·

109 2959 117 2991 ,
150 2904 214 2976 sed
247 2905 429 3002 dignitatis
464 2924 572 3006 atque
609 2908 749 3005 imperii
785 2907 910 2977 caruit.
945 2908 1042 2994 Nos,

109 3040 129 3085 n
153 3017 308 3111 majores
330 3018 547 3089 Antiochum
572 3042 693 3115 regem
716 3016 826 3089 classe
835 3013 863 3104 ³,
887 3020 1040 3089 Persen-

109 3210 129 3258 ls
138 3211 253 3258 maritimi
263 3211 320 3259 belli
330 3212 483 3260 administra·
528 3213 693 3276 vectigalibus.
705 3238 740 3250 —
752 3211 802 3259 Sed
812 3212 885 3260 etism
901 3211 1037 3277 dignitatis.

109 3291 169 3352 rpeio
182 3291 224 3337 uni
237 3292 382 3345 mandanda.
402 3294 481 3356 Repe·
527 3294 620 3355 Emptis
644 3291 773 3340 duodsoim
797 3293 935 3350 securibus,
961 3294 1039 3358 osptis

109 3370 245 3425 nectario,
258 3373 481 3433 xxxvt,t‚19‚
526 3370 672 3435 quibusdam
693 3370 793 3434 legatis,
817 3371 992 3436 qnoestoribus‚
1013 3383 1039 3421 et

112 3449 248 3495 oontrsrias
274 3450 368 3496 Gabinii
391 3449 481 3498 tribuni
525 3451 681 3515 p‘raetoribus.

118 3526 208 3575 Cttnli.
234 3527 377 3576 Plutarchus
400 3540 481 3577 narrat
561 3530 585 3577 3.
599 3528 746 3577 Antiochum
760 3545 838 3593 regem
852 3528 936 3576 classe.
952 3528 1040 3577 Antio·

109 3620 139 3651 ω
148 3617 246 3653 senatus
252 3607 399 3656 dissensione
409 3609 481 3655 latam
525 3607 574 3655 cbo
585 3608 652 3672 aputl
665 3607 843 3672 Thermopylas
856 3609 924 3655 victo
936 3616 960 3654 st
971 3608 1039 3656 Grae·

109 3700 174 3731 arum
185 3687 398 3748 consulemquum
409 3687 481 3734 sebe·
525 3688 561 3734 cia
575 3687 691 3751 expulso.
708 3689 737 3736 C.
755 3689 837 3735 Livius
851 3688 980 3752 praefectus
999 3704 1039 3736 ro·

109 3764 126 3825 gt
135 3765 381 3828 refragaretur‚propa
389 3781 403 3812 a
411 3765 481 3828 plebe
525 3783 601 3813 manae
610 3767 707 3828 classis,
722 3766 851 3827 adjuvante
863 3768 969 3813 Eumene
981 3783 1038 3831 rege

109 3844 209 3892 afuisse.
524 3848 602 3902 Asiae,
624 3846 799 3911 Polyxenidam
818 3846 934 3895 Antiochi
952 3848 1039 3911 prafe-

120 3938 142 3967 ι.
161 3925 233 3968 Mare
250 3923 363 3971 tenuisse.
382 3923 413 3970 ld
431 3934 481 3981 est,
526 3936 592 3973 ctum
620 3925 653 3973 ad
679 3926 803 3990 Corycum
831 3937 929 3990 portum
957 3925 1037 3975 navali

111 4002 192 4047 maris.
525 4005 610 4068 praelio
636 4004 710 4064 vicit,
733 4005 847 4054 tredecim
874 4021 948 4052 naves
970 4005 1037 4069 oepit

117 4081 189 4128 modo
203 4081 320 4129 utilitatis.
339 4084 482 4146 Interceptis
526 4100 580 4131 cum
599 4083 716 4132 militibus
737 4101 766 4132 ao
788 4083 934 4149 remigibus,
952 4084 1036 4132 decom
