2670 5198
133 725 181 813 tt
451 723 501 792 tt
526 724 565 793 r.
591 724 872 798 crcuuotus

133 858 348 947 poneretur,
366 858 408 914 ut
426 842 524 916 idem
549 868 633 916 cum
651 846 850 944 iugurtha,
877 847 974 920 idem
994 875 1027 923 ct

132 956 224 1045 bris,
248 956 346 1028 idem
375 977 458 1025 cum
487 955 660 1026 Teutonis
685 953 825 1028 bellum
850 958 1027 1033 administt

111 1050 213 1165 'ipso
237 1070 301 1137 Cn.
326 1065 514 1161 Pompeio,
540 1064 675 1161 inquo
701 1068 786 1136 novi
816 1071 987 1142 constitui
1013 1099 1027 1142 r

133 1177 176 1264 Q.
190 1173 355 1261 Catulus,
371 1197 481 1271 quam
498 1173 611 1245 multa
624 1175 696 1245 sint
710 1200 820 1265 nova,
839 1191 1007 1252 summa⁹
1024 1203 1027 1238 ¹

135 1285 339 1370 voluntate,
360 1283 573 1370 constituta,
587 1284 840 1358 recordamini.

180 1400 275 1467 XXI.
302 1390 401 1486 Quid
426 1395 524 1463 enim
544 1407 617 1464 tam
640 1420 797 1482 novum,
819 1423 930 1494 quam
949 1401 1027 1473 adol

133 1508 249 1592 lum¹,
264 1505 466 1603 privatum,
495 1506 693 1575 exercitum
719 1505 857 1578 difficili
882 1510 1026 1608 reipubl

133 1626 245 1715 pore²
273 1611 476 1687 conficere?
503 1611 687 1686 confecit:
717 1615 802 1688 huic
832 1621 1011 1717 praeesse?

132 1748 210 1797 rem
223 1726 360 1821 optime
377 1720 490 1792 ductu
508 1747 574 1794 suo
591 1728 739 1821 gerere?
756 1730 865 1824 gessit
875 1726 901 1801 ³.
918 1730 1014 1821 Quid

132 1851 188 1907 ter
216 1829 532 1919 consuetudinem,
571 1858 682 1929 quam
718 1835 857 1908 homini
889 1839 1025 1936 perado

133 1945 236 2039 cujus
257 1967 277 2014 a
298 1945 479 2014 senatorio
506 1940 621 2038 gradu
639 1959 722 2016 aetas
743 1946 851 2044 longe
878 1948 1019 2021 abesset

132 2057 227 2127 rium
246 2067 354 2151 atque
373 2053 569 2123 exercitum
592 2051 696 2125 dari?
718 2055 896 2128 Siciliam⁵
913 2063 1026 2157 permi

137 2164 308 2252 Africam,
328 2160 541 2260 bellumque
569 2167 608 2235 in
635 2189 677 2236 ea
699 2167 1021 2241 administrandum

133 2278 188 2348 his
201 2276 395 2374 provinciis
413 2274 584 2371 singulari
601 2275 827 2363 innocentia,
844 2281 1025 2374 gravitate.

131 2386 268 2459 bellum
288 2387 326 2456 in
344 2382 462 2455 Africa
477 2386 672 2456 maximum
686 2384 860 2475 confecit,
877 2393 1026 2464 victorer

133 2514 211 2569 tum
242 2490 478 2594 deportavit⁶.
513 2492 611 2582 Quid
638 2520 723 2566 vero
753 2512 824 2566 tam
853 2501 1025 2572 inauditut

131 2609 293 2706 equitem
312 2628 504 2675 romanum
521 2604 791 2702 triumpharet?
809 2624 844 2679 at
863 2636 1025 2708 eamque

22 2725 26 2737 '
132 2717 291 2816 populus
315 2737 488 2785 romanus
515 2739 589 2783 non
618 2715 727 2785 modo
753 2717 859 2805 vidit,
888 2721 951 2792 sed
975 2724 1021 2793 eti

132 2829 252 2902 studio
273 2823 456 2897 visendam
482 2839 518 2894 et
550 2827 898 2900 concelebrandam⁸
928 2851 1025 2930 pum

132 2952 205 3009 tam
223 2936 448 3021 inusitatum,
466 2959 575 3032 quam
595 2951 653 3023 ut,
674 2962 787 3033 quum
807 2942 881 3015 duo
899 2948 1025 3017 consul

133 3174 208 3240 phnm
221 3187 278 3220 cnm
288 3170 386 3219 dnobus
402 3169 453 3230 eine
464 3167 522 3218 liliis
535 3169 593 3234 egit.
608 3198 644 3207 —
688 3177 869 3240 spectabantur,
888 3196 980 3244 genus,
998 3201 1024 3231 ω

135 3254 195 3302 Cum
221 3249 334 3302 Cimbris.
361 3249 463 3313 Populie
489 3250 645 3312 Germaniae,
688 3259 748 3293 oeeas
770 3259 794 3295 et
815 3250 979 3315 mctgistrams.
1006 3258 1024 3302 P

130 3334 163 3381 ad
181 3334 261 3380 einum
275 3329 403 3380 Codanum
418 3329 482 3375 etin
497 3329 583 3376 intulit
593 3330 645 3389 ejus
688 3327 971 3391 magistratusquaeetnra
982 3334 1024 3381 fuit

132 3413 199 3460 aiunt
211 3407 464 3470 incolentibue;qnoa
476 3407 571 3454 Italiam
581 3408 645 3455 inva-
688 3413 730 3451 tor
745 3402 796 3453 ficri
809 3421 907 3472 poterat
922 3414 968 3458 niti
982 3430 1024 3476 qna

132 3491 274 3552 dentesque
291 3498 369 3550 strage
383 3486 474 3533 fuderit
487 3488 579 3535 Mariua
598 3503 644 3536 no·
689 3485 754 3532 AEtaa
768 3489 887 3536 senatoria
902 3490 947 3537 snit
964 3509 1024 3542 aunt

133 3585 184 3621 tum
196 3565 406 3617 acclinatio
419 3565 540 3613 Mer.eub
554 3567 607 3614 init.
688 3575 755 3612 retur
775 3579 937 3636 qnaetturam,
955 3572 982 3618 id
999 3590 1024 3620 ee

168 3666 194 3713 9.
211 3647 276 3706 Alii,
290 3667 301 3689 ι
312 3660 453 3708 summeque
463 3645 545 3696 cnuti
557 3645 644 3694 volun·
688 3645 813 3709 septimus.

132 3739 181 3778 tate
189 3750 209 3775 n.
221 3728 246 3775 J.
256 3727 290 3775 V.
301 3727 328 3772 1..
725 3726 749 3772 5.
769 3725 886 3776 Siciliam.
900 3728 991 3777 Contra
1004 3732 1023 3780 C

165 3808 238 3856 XXI.
251 3821 272 3854 1.
281 3803 503 3851 Adolescenrunmi.
513 3805 644 3868 Pompeius
687 3801 1023 3865 Africam.ContraDomitiu

131 3899 179 3936 tren
196 3895 220 3933 et
240 3882 326 3947 viginti
345 3881 471 3929 dumtmt
493 3899 570 3930 annot
590 3895 641 3930 erat
685 3882 806 3932 Numidiae
817 3901 906 3947 regem.

132 3977 211 4014 natue.
723 3962 747 4009 n.
757 3964 908 4026 Deportavit.
921 3968 1023 4017 Reduxit

169 4059 192 4091 a.
211 4040 316 4108 Difficili
331 4039 391 4105 reip.
410 4052 523 4103 tempore.
543 4041 642 4090 Sullano
724 4057 747 4101 7.
758 4041 922 4106 Triumplare.
929 4049 964 4094 Ex
972 4050 1023 4096 Afri

131 4123 211 4180 bello,
222 4119 374 4185 periclitante
386 4120 471 4183 repub.
687 4135 753 4182 rege,
767 4124 793 4169 L.
806 4124 871 4171 Sulla
882 4126 1013 4188 dictatore,

169 4202 193 4249 3.
223 4198 307 4247 Gessit.
332 4198 399 4245 Vicit
423 4197 501 4255 enim,
530 4199 643 4264 cepitque
687 4203 817 4250 revertenti
831 4204 928 4252 obviam
943 4211 1023 4270 prodii

132 4280 278 4347 Carbonem.
686 4280 824 4343 appellarit.

170 4368 194 4416 4.
210 4360 281 4407 AEtas
292 4358 363 4421 longe
374 4356 473 4405 abesset.
487 4359 514 4404 ln
527 4359 643 4405 aenatori-
724 4359 747 4406 8.
770 4360 860 4409 Aberat
878 4385 889 4405 ι
901 4375 925 4411 et
945 4384 1021 4418 conce

132 4438 177 4487 but
185 4437 301 4502 eligendis
309 4435 362 4485 baec
371 4435 479 4500 quinque
490 4436 642 4502 potissimum
687 4438 750 4485 Dent
763 4440 835 4489 MSS.
852 4445 875 4492 J.
887 4445 919 4491 V.
930 4446 955 4493 Ι..
