2678 4800
211 343 259 433 ²4
374 378 377 385 ·
532 344 582 414 M.
607 344 646 413 T.
673 340 961 414 CICERONIS
983 356 986 361 ’
1012 350 1028 379 's

206 461 391 562 quondam
410 461 613 563 profugisse
629 465 780 551 dicitur3
794 487 905 561 quam
921 459 1118 559 praedicant
1130 464 1169 535 in
1182 461 1282 564 fuga,

165 588 167 594 ⁴
204 573 324 645 fratris
343 575 399 644 sui
424 573 587 651 membra
605 577 645 646 in
665 578 709 646 iis
726 572 838 660 locis,
861 596 992 670 quase
1013 596 1143 671 parens
1159 598 1281 672 perse-

204 696 392 779 queretur,
409 680 655 780 dissipavisse,
675 698 718 755 ut
738 706 865 755 eorum
888 680 1077 754 collectio¹
1101 681 1279 782 dispersa,

202 815 414 889 moerorque
445 796 609 891 patrius,
639 793 860 865 celeritatem
891 793 1135 889 persequendi
1160 811 1280 867 retar-

202 900 316 974 daret.
347 904 404 975 Sic
432 902 662 975 Mithridates
692 901 856 999 fugiens,
881 902 1075 972 maximam
1099 903 1173 973 vim
1198 908 1280 975 auri

202 1026 313 1109 atque
333 1016 489 1111 argenti,
514 1012 919 1110 pulcherrimarumque
942 1035 1066 1082 rerum
1092 1016 1279 1101 omnium,

202 1147 292 1220 quas
315 1139 352 1196 et
373 1149 394 1195 a
415 1122 616 1221 majoribus
641 1137 850 1221 acceperat,
876 1134 914 1193 et
940 1121 1020 1219 ipse
1047 1119 1145 1193 hello
1167 1147 1278 1221 supe·

199 1234 296 1306 riore
317 1260 363 1306 ex
388 1248 464 1305 tota
484 1237 565 1306 Asia
588 1234 747 1332 direptas
765 1234 805 1303 in
825 1256 932 1303 suum
951 1255 1105 1329 regnum
1126 1256 1279 1330 conges-

199 1357 312 1432 serat,
331 1345 370 1415 in
391 1347 509 1414 Ponto
537 1366 684 1415 omnem
715 1343 864 1440 reliquit
875 1352 903 1413 ².
931 1346 1016 1412 Haec
1042 1340 1133 1413 dum
1160 1346 1279 1415 nostri

200 1452 378 1552 colligunt
403 1455 525 1525 omnia
549 1451 777 1550 diligentius,
801 1476 868 1523 rex
888 1453 965 1549 ipse
985 1476 1006 1523 e
1028 1451 1196 1524 manibus
1221 1452 1276 1526 ef·

200 1560 301 1660 fugit.
327 1566 381 1634 Ita
406 1560 535 1634 illum³
561 1565 599 1633 in
624 1560 870 1661 persequendi
891 1561 1013 1634 studio
1038 1587 1188 1652 moeror,
1206 1563 1277 1637 hos

200 1671 319 1743 laetitia
334 1673 539 1745 retardavit.
550 1679 656 1745 Hunc
669 1675 706 1743 in
720 1672 782 1743 illo
796 1674 926 1744 timore
938 1688 976 1746 et
988 1671 1073 1773 luga
1083 1679 1276 1772 Tigranes,

198 1806 264 1855 rex
292 1786 504 1872 Armenius,
535 1784 695 1882 excepit,
726 1781 1030 1881 diffidentemque
1059 1783 1171 1856 rebus
1199 1787 1276 1857 suis

198 1891 444 1981 confirmavit,
461 1909 497 1965 et
513 1892 687 1965 afflictum
702 1896 838 1982 erexit,
861 1893 1121 1992 perditumque
1134 1920 1276 1967 recrea·

198 2002 297 2074 virt:
316 2005 420 2099 cujus
444 2007 482 2073 in
506 2028 659 2100 regnum
682 2017 921 2101 posteaquam
939 2005 979 2074 L.
1002 2004 1174 2076 Lucullus
1188 2030 1274 2076 cum

200 2115 357 2185 exercitu
382 2119 499 2202 venit,
515 2114 639 2212 plures
655 2113 763 2184 etiam
781 2128 906 2213 gentes
928 2128 1055 2186 contra
1073 2116 1271 2213 imperato·

198 2247 278 2295 rem
301 2238 468 2295 nostrum
491 2227 681 2295 concitatae
704 2221 826 2295 sunt·⁵.
849 2228 934 2295 Erat
959 2225 1056 2296 enim
1078 2240 1196 2297 metus
1220 2228 1275 2298 in·

196 2331 314 2429 jectus
337 2335 380 2406 iis
405 2333 616 2406 nationibus
629 2331 657 2422 ⁶,
681 2358 771 2431 quas
796 2357 1002 2430 numquam
1027 2333 1186 2432 populus
1209 2359 1273 2406 ro·

233 2615 283 2663 tx.
299 2629 321 2662 s.
340 2614 455 2662 Goerens.
470 2613 502 2661 sd
514 2612 566 2662 (ic.
584 2611 615 2660 de
628 2611 710 2662 Finib.
757 2622 837 2677 reptas
849 2613 875 2660 in
889 2628 960 2660 suum
970 2627 1073 2676 regnum
1090 2622 1273 2675 congesserat».

197 2693 249 2750 111,
265 2695 296 2754 4,
316 2693 453 2741 emendavit
464 2691 636 2757 dispersorum.
650 2693 712 2740 Fru·
792 2692 1273 2756 3.11nm.oenm,ntedeaepstmm.-

197 2780 257 2820 strs.
270 2773 298 2820 J.
310 2774 341 2821 V.
352 2773 379 2822 L.
755 2772 816 2820 Hos.
828 2770 923 2819 Luculli
935 2770 1033 2818 milites.

234 2867 260 2900 a.
279 2854 310 2899 In
324 2855 404 2900 Ponto
418 2868 514 2901 omnem
532 2850 638 2917 reliquis.
652 2852 713 2901 Plu·
793 2858 818 2907 6.
843 2848 935 2897 Perdit.
955 2849 1079 2898 mercavit·
1101 2849 1150 2896 Hic
1169 2865 1272 2899 romana

197 2931 295 2983 tas-chus
304 2941 328 2978 et
339 2931 467 2996 Appianas
475 2931 609 2983 retardatos
618 2931 713 2979 Luculli
756 2943 857 2994 prorsus
872 2926 989 2990 jactantia
1008 2945 1014 2976 ε
1032 2927 1199 2976 Mithridatem
1213 2946 1273 2978 saue

197 3009 287 3059 auilites
300 3009 424 3072 scribunt,
435 3011 523 3058 astutia
537 3020 562 3056 et
580 3008 712 3067 ealliditate
756 3007 959 3067 calamitatium
973 3007 1063 3073 puduit
1075 3018 1100 3056 et
1114 3007 1214 3066 taeduit,
1227 3008 1273 3057 sed

196 3088 360 3145 Mithridatis,
370 3089 427 3152 qni,
439 3105 515 3152 quum
534 3088 636 3153 propius
650 3089 712 3138 nihil
755 3087 842 3149 maJ'ori
857 3097 908 3137 erat
922 3088 1019 3147 suisne,
1039 3087 1158 3135 industria
1168 3098 1192 3135 et
1203 3087 1273 3152 inge·

197 3183 249 3217 esse
258 3166 353 3215 rideret
362 3182 435 3229 quam
444 3167 503 3219 utin
510 3168 567 3231 fuga
577 3179 711 3231 caperetur,
756 3168 799 3215 nio
810 3178 837 3214 nt
844 3167 982 3232 desperaret
989 3202 996 3227 ,
1004 3167 1175 3233 perditumque
1187 3184 1273 3216 secre-

197 3245 291 3293 mulum
304 3244 351 3292 illis
369 3261 430 3293 auro
442 3255 558 3297 onustum
575 3249 710 3310 opposuit,
756 3245 906 3307 deret;bello
913 3248 1034 3312 superiori
1041 3259 1066 3295 et
1072 3246 1184 3312 sequenti
1190 3247 1271 3313 qualis

197 3323 361 3390 pecuniasque
384 3340 469 3376 ornnes
491 3325 595 3384 effudit,
620 3325 710 3389 quibus
753 3325 1021 3392 fueritcomprohatum
1031 3337 1077 3375 est.

197 3402 343 3467 colligendis
355 3419 383 3450 ac
395 3403 539 3468 diripiendis
553 3404 611 3455 dum
620 3404 710 3463 milites
790 3404 815 3454 5.
837 3405 972 3453 Concitatee
986 3418 1050 3454 sunt.
1069 3402 1211 3452 Plutarchus
1222 3421 1270 3453 uu-

196 3482 285 3531 intenti
295 3492 387 3543 essem,
398 3482 428 3530 ab
440 3483 539 3530 illomm
549 3483 660 3531 manibus
674 3483 709 3530 ef·
753 3494 830 3530 ruerat
854 3484 956 3541 Medos,
977 3485 1138 3545 Adiabenos,
1157 3483 1271 3549 Arabes,

194 3563 267 3625 fugit.
278 3560 326 3608 Sed
336 3560 441 3607 fabulam
453 3561 557 3608 nimium
568 3560 672 3620 redolet,
684 3573 709 3613 et
752 3560 877 3624 Alhapos,
889 3562 973 3611 iberos
988 3574 1013 3612 et
1029 3564 1072 3629 qni
1089 3562 1151 3612 ones
1162 3564 1270 3612 Araxem

196 3640 311 3690 Ciceroni
326 3639 411 3686 mclius
430 3638 503 3686 iidem
522 3639 652 3697 adhihere,
666 3640 709 3704 qui
753 3638 806 3688 aine
815 3657 871 3704 rege
880 3653 958 3690 eraut.

195 3720 285 3768 fatetur
295 3718 407 3782 effugisse
416 3718 593 3775 Mithridatem,
600 3717 658 3765 dum
668 3721 710 3765 mi·
788 3720 814 3768 6.
825 3722 903 3770 Metus
913 3719 1014 3786 t'rrjectus
1022 3717 1053 3767 s'r's
1060 3718 1206 3772 nationibus.
1216 3723 1269 3771 Ne·

196 3799 251 3853 lites
263 3808 288 3846 et
300 3796 416 3845 Lucullus
424 3812 480 3845 sane
492 3797 653 3861 «diligentius
661 3798 710 3845 col·
752 3814 801 3863 que
814 3799 927 3864 prolecto
942 3814 1019 3847 vanus
1032 3811 1056 3847 et
1066 3799 1145 3847 inania
1158 3799 1201 3847 ills
1216 3816 1268 3847 me·

196 3877 557 3943 ligebsutruaximamvimauti
568 3889 592 3925 et
603 3880 708 3942 argenti,
754 3889 794 3927 tus
817 3889 909 3927 ceteras
926 3889 1010 3942 gentes
1027 3879 1161 3938 invaseram
1177 3894 1269 3945 nempe

195 3973 323 4021 rerumque
341 3956 448 4004 omnium
473 3956 710 4020 pulcherrimarum,
754 3970 808 4007 sest
822 3970 863 4007 tua
875 3975 922 4019 res,
934 3975 1009 4023 quum
1022 3961 1148 4022 proximus
1161 3959 1267 4023 ardet»,

194 4054 272 4103 quasa
280 4036 709 4101 majoribusacceperatMithridates,
751 4050 777 4086 et
790 4040 948 4086 innotuerant
960 4039 1065 4087 Romani
1078 4039 1183 4088 latrones
1198 4039 1268 4104 orhiq

193 4126 219 4168 et
227 4116 282 4187 ipss
291 4116 357 4166 bello
367 4116 492 4181 superiore
500 4132 532 4164 es
542 4126 592 4164 tots
604 4117 659 4164 Asia
670 4116 708 4164 di·
751 4128 869 4167 terrarum
883 4115 1045 4179 audacissimi.
