<?xml version="1.0" encoding="UTF-8"?>
<!DOCTYPE html PUBLIC "-//W3C//DTD XHTML 1.0 Transitional//EN"
    "http://www.w3.org/TR/xhtml1/DTD/xhtml1-transitional.dtd">
<html xmlns="http://www.w3.org/1999/xhtml" xml:lang="en" lang="en">
 <head>
  <title>
</title>
<meta http-equiv="Content-Type" content="text/html;charset=utf-8" />
  <meta name='ocr-system' content='tesseract 3.04.00' />
  <meta name='ocr-capabilities' content='ocr_page ocr_carea ocr_par ocr_line ocrx_word'/>
</head>
<body>
  <div class='ocr_page' id='page_1' title='image "bibliothecaclas02lemagoog_0068.png"; bbox 0 0 2678 4800; ppageno 0'>
   <div class='ocr_carea' id='block_1_1' title="bbox 305 316 1283 418">
    <p class='ocr_par' dir='ltr' id='par_1_1' title="bbox 305 316 1283 418">
     <span class='ocr_line' id='line_1_1' title="bbox 305 316 1283 418; baseline 0 -30"><span class='ocrx_word' id='word_1_1' title='bbox 305 319 505 390; x_wconf 73' lang='lat' dir='ltr'><strong>oultlo</strong></span> <span class='ocrx_word' id='word_1_2' title='bbox 531 318 634 390; x_wconf 86' lang='lat' dir='ltr'><strong>PRO</strong></span> <span class='ocrx_word' id='word_1_3' title='bbox 659 317 801 388; x_wconf 83' lang='lat' dir='ltr'><strong>LEGE</strong></span> <span class='ocrx_word' id='word_1_4' title='bbox 819 316 1059 387; x_wconf 78' lang='lat' dir='ltr'><strong>MANILIA.</strong></span> <span class='ocrx_word' id='word_1_5' title='bbox 1166 317 1211 388; x_wconf 82' lang='lat'><strong>55</strong></span> <span class='ocrx_word' id='word_1_6' title='bbox 1278 412 1283 418; x_wconf 24' lang='grc' dir='ltr'>Ι</span> 
     </span>
    </p>
   </div>
   <div class='ocr_carea' id='block_1_2' title="bbox 126 438 1304 1751">
    <p class='ocr_par' dir='ltr' id='par_1_2' title="bbox 126 438 1304 1751">
     <span class='ocr_line' id='line_1_2' title="bbox 126 438 1210 526; baseline -0.001 -12"><span class='ocrx_word' id='word_1_7' title='bbox 126 442 192 514; x_wconf 79' lang='lat' dir='ltr'><strong>illa</strong></span> <span class='ocrx_word' id='word_1_8' title='bbox 220 438 502 513; x_wconf 82' lang='lat' dir='ltr'><strong>laboriosissima</strong></span> <span class='ocrx_word' id='word_1_9' title='bbox 535 442 676 512; x_wconf 85' lang='lat' dir='ltr'><strong>ratione</strong></span> <span class='ocrx_word' id='word_1_10' title='bbox 705 442 804 526; x_wconf 86' lang='lat' dir='ltr'><strong>vitae,</strong></span> <span class='ocrx_word' id='word_1_11' title='bbox 837 440 881 510; x_wconf 84' lang='lat' dir='ltr'><strong>si‘</strong></span> <span class='ocrx_word' id='word_1_12' title='bbox 897 453 1016 510; x_wconf 86' lang='lat' dir='ltr'><strong>vestra</strong></span> <span class='ocrx_word' id='word_1_13' title='bbox 1042 439 1210 514; x_wconf 87' lang='lat' dir='ltr'><strong>voluntas</strong></span> 
     </span>
     <span class='ocr_line' id='line_1_3' title="bbox 128 545 1211 649; baseline -0.003 -24"><span class='ocrx_word' id='word_1_14' title='bbox 128 553 244 643; x_wconf 90' lang='lat' dir='ltr'><strong>leret,</strong></span> <span class='ocrx_word' id='word_1_15' title='bbox 275 576 554 649; x_wconf 85' lang='lat' dir='ltr'><strong>consequemur.</strong></span> <span class='ocrx_word' id='word_1_16' title='bbox 571 550 820 642; x_wconf 89' lang='lat' dir='ltr'><strong>Quamobrem</strong></span> <span class='ocrx_word' id='word_1_17' title='bbox 830 545 860 638; x_wconf 74' lang='lat'><strong>⁶,</strong></span> <span class='ocrx_word' id='word_1_18' title='bbox 880 549 1061 648; x_wconf 93' lang='lat' dir='ltr'><strong>quidquid</strong></span> <span class='ocrx_word' id='word_1_19' title='bbox 1083 551 1120 619; x_wconf 90' lang='lat' dir='ltr'><strong>in</strong></span> <span class='ocrx_word' id='word_1_20' title='bbox 1142 550 1211 622; x_wconf 80' lang='lat' dir='ltr'><strong>huc</strong></span> 
     </span>
     <span class='ocr_line' id='line_1_4' title="bbox 130 659 1212 758; baseline -0.006 -22"><span class='ocrx_word' id='word_1_21' title='bbox 130 687 240 736; x_wconf 74' lang='lat' dir='ltr'><strong>caiisa</strong></span> <span class='ocrx_word' id='word_1_22' title='bbox 255 661 349 732; x_wconf 88' lang='lat' dir='ltr'><strong>mihi</strong></span> <span class='ocrx_word' id='word_1_23' title='bbox 366 676 577 758; x_wconf 88' lang='lat' dir='ltr'><strong>susceptum</strong></span> <span class='ocrx_word' id='word_1_24' title='bbox 594 675 668 749; x_wconf 90' lang='lat' dir='ltr'><strong>est,</strong></span> <span class='ocrx_word' id='word_1_25' title='bbox 687 661 868 750; x_wconf 82' lang='lat' dir='ltr'><strong>Quirites,</strong></span> <span class='ocrx_word' id='word_1_26' title='bbox 884 659 921 730; x_wconf 93' lang='lat' dir='ltr'><strong>id</strong></span> <span class='ocrx_word' id='word_1_27' title='bbox 935 685 1044 731; x_wconf 90' lang='lat' dir='ltr'><strong>omne</strong></span> <span class='ocrx_word' id='word_1_28' title='bbox 1062 684 1121 732; x_wconf 88' lang='lat' dir='ltr'><strong>me</strong></span> <span class='ocrx_word' id='word_1_29' title='bbox 1140 662 1212 730; x_wconf 90' lang='lat' dir='ltr'><strong>rei-</strong></span> 
     </span>
     <span class='ocr_line' id='line_1_5' title="bbox 131 769 1211 873; baseline -0.003 -29"><span class='ocrx_word' id='word_1_30' title='bbox 131 772 287 873; x_wconf 70' lang='lat' dir='ltr'><strong>publice</strong></span> <span class='ocrx_word' id='word_1_31' title='bbox 298 797 405 844; x_wconf 84' lang='lat' dir='ltr'><strong>causa</strong></span> <span class='ocrx_word' id='word_1_32' title='bbox 417 775 618 870; x_wconf 78' lang='lat' dir='ltr'><strong>suscepisse</strong></span> <span class='ocrx_word' id='word_1_33' title='bbox 637 770 834 858; x_wconf 81' lang='lat' dir='ltr'><strong>confirm03</strong></span> <span class='ocrx_word' id='word_1_34' title='bbox 856 783 1072 868; x_wconf 82' lang='lat' dir='ltr'><strong>tentumque</strong></span> <span class='ocrx_word' id='word_1_35' title='bbox 1091 769 1211 859; x_wconf 86' lang='lat' dir='ltr'><strong>abest,</strong></span> 
     </span>
     <span class='ocr_line' id='line_1_6' title="bbox 134 879 1304 980; baseline -0.002 -25"><span class='ocrx_word' id='word_1_36' title='bbox 134 900 177 955; x_wconf 88' lang='lat' dir='ltr'><strong>ut</strong></span> <span class='ocrx_word' id='word_1_37' title='bbox 194 883 354 980; x_wconf 83' lang='lat' dir='ltr'><strong>aliquam</strong></span> <span class='ocrx_word' id='word_1_38' title='bbox 371 880 508 954; x_wconf 89' lang='lat' dir='ltr'><strong>bonam</strong></span> <span class='ocrx_word' id='word_1_39' title='bbox 530 883 681 979; x_wconf 87' lang='lat' dir='ltr'>gratiam</span> <span class='ocrx_word' id='word_1_40' title='bbox 705 880 796 952; x_wconf 92' lang='lat' dir='ltr'><strong>mihi</strong></span> <span class='ocrx_word' id='word_1_41' title='bbox 820 883 989 978; x_wconf 69' lang='lat' dir='ltr'><strong>quaesisse</strong></span> <span class='ocrx_word' id='word_1_42' title='bbox 1012 879 1153 970; x_wconf 86' lang='lat' dir='ltr'><strong>videar,</strong></span> <span class='ocrx_word' id='word_1_43' title='bbox 1171 896 1214 953; x_wconf 89' lang='lat' dir='ltr'><strong>ut</strong></span> <span class='ocrx_word' id='word_1_44' title='bbox 1245 948 1268 967; x_wconf 68' lang='lat'><strong><em>„</em></strong></span> <span class='ocrx_word' id='word_1_45' title='bbox 1301 946 1304 964; x_wconf 63' lang='lat'><strong>,</strong></span> 
     </span>
     <span class='ocr_line' id='line_1_7' title="bbox 135 989 1212 1095; baseline -0.003 -32"><span class='ocrx_word' id='word_1_46' title='bbox 135 992 267 1063; x_wconf 86' lang='lat' dir='ltr'><strong>multas</strong></span> <span class='ocrx_word' id='word_1_47' title='bbox 284 995 392 1062; x_wconf 86' lang='lat' dir='ltr'><strong>etiam</strong></span> <span class='ocrx_word' id='word_1_48' title='bbox 403 991 604 1064; x_wconf 85' lang='lat' dir='ltr'><strong>simultates</strong></span> <span class='ocrx_word' id='word_1_49' title='bbox 614 993 746 1090; x_wconf 87' lang='lat' dir='ltr'><strong>partim</strong></span> <span class='ocrx_word' id='word_1_50' title='bbox 756 989 947 1078; x_wconf 86' lang='lat' dir='ltr'><strong>obscuras,</strong></span> <span class='ocrx_word' id='word_1_51' title='bbox 966 992 1094 1095; x_wconf 81' lang='lat' dir='ltr'><strong>partim</strong></span> <span class='ocrx_word' id='word_1_52' title='bbox 1111 1016 1212 1089; x_wconf 83' lang='lat' dir='ltr'><strong>aper-</strong></span> 
     </span>
     <span class='ocr_line' id='line_1_8' title="bbox 136 1099 1212 1197; baseline 0 -25"><span class='ocrx_word' id='word_1_53' title='bbox 136 1116 189 1172; x_wconf 84' lang='lat' dir='ltr'><strong>tas</strong></span> <span class='ocrx_word' id='word_1_54' title='bbox 204 1099 423 1197; x_wconf 82' lang='lat' dir='ltr'><strong>intelligam,</strong></span> <span class='ocrx_word' id='word_1_55' title='bbox 440 1100 531 1171; x_wconf 91' lang='lat' dir='ltr'><strong>mihi</strong></span> <span class='ocrx_word' id='word_1_56' title='bbox 550 1126 627 1172; x_wconf 91' lang='lat' dir='ltr'><strong>non</strong></span> <span class='ocrx_word' id='word_1_57' title='bbox 648 1105 882 1190; x_wconf 86' lang='lat' dir='ltr'><strong>necessarias,</strong></span> <span class='ocrx_word' id='word_1_58' title='bbox 908 1100 1013 1172; x_wconf 86' lang='lat' dir='ltr'><strong>vobis</strong></span> <span class='ocrx_word' id='word_1_59' title='bbox 1031 1126 1106 1171; x_wconf 89' lang='lat' dir='ltr'><strong>non</strong></span> <span class='ocrx_word' id='word_1_60' title='bbox 1132 1103 1212 1172; x_wconf 90' lang='lat' dir='ltr'><strong>inu-</strong></span> 
     </span>
     <span class='ocr_line' id='line_1_9' title="bbox 138 1208 1213 1309; baseline -0.003 -28"><span class='ocrx_word' id='word_1_61' title='bbox 138 1211 253 1299; x_wconf 79' lang='lat' dir='ltr'><strong>tiles7,</strong></span> <span class='ocrx_word' id='word_1_62' title='bbox 272 1213 483 1309; x_wconf 88' lang='lat' dir='ltr'><strong>suscepisse.</strong></span> <span class='ocrx_word' id='word_1_63' title='bbox 505 1208 578 1282; x_wconf 87' lang='lat' dir='ltr'><strong>Sed</strong></span> <span class='ocrx_word' id='word_1_64' title='bbox 593 1235 661 1308; x_wconf 85' lang='lat' dir='ltr'><strong>ego</strong></span> <span class='ocrx_word' id='word_1_65' title='bbox 680 1237 739 1282; x_wconf 87' lang='lat' dir='ltr'><strong>me</strong></span> <span class='ocrx_word' id='word_1_66' title='bbox 757 1211 829 1282; x_wconf 92' lang='lat' dir='ltr'><strong>hoc</strong></span> <span class='ocrx_word' id='word_1_67' title='bbox 842 1211 984 1281; x_wconf 90' lang='lat' dir='ltr'><strong>honore</strong></span> <span class='ocrx_word' id='word_1_68' title='bbox 1002 1209 1213 1308; x_wconf 68' lang='lat' dir='ltr'><strong>praeditum,</strong></span> 
     </span>
     <span class='ocr_line' id='line_1_10' title="bbox 137 1319 1212 1412; baseline -0.001 -21"><span class='ocrx_word' id='word_1_69' title='bbox 137 1321 246 1391; x_wconf 77' lang='lat' dir='ltr'><strong>tantis</strong></span> <span class='ocrx_word' id='word_1_70' title='bbox 277 1323 405 1392; x_wconf 87' lang='lat' dir='ltr'><strong>vestris</strong></span> <span class='ocrx_word' id='word_1_71' title='bbox 435 1319 623 1393; x_wconf 87' lang='lat' dir='ltr'><strong>beneficiis</strong></span> <span class='ocrx_word' id='word_1_72' title='bbox 656 1320 848 1409; x_wconf 81' lang='lat' dir='ltr'><strong>affectum,</strong></span> <span class='ocrx_word' id='word_1_73' title='bbox 874 1322 1005 1410; x_wconf 87' lang='lat' dir='ltr'><strong>statui,</strong></span> <span class='ocrx_word' id='word_1_74' title='bbox 1031 1321 1212 1412; x_wconf 78' lang='lat' dir='ltr'><strong>Quirites,</strong></span> 
     </span>
     <span class='ocr_line' id='line_1_11' title="bbox 138 1429 1213 1530; baseline -0.002 -28"><span class='ocrx_word' id='word_1_75' title='bbox 138 1444 292 1502; x_wconf 82' lang='lat' dir='ltr'><strong>vestram</strong></span> <span class='ocrx_word' id='word_1_76' title='bbox 311 1429 559 1520; x_wconf 82' lang='lat' dir='ltr'><strong>voluntatem,</strong></span> <span class='ocrx_word' id='word_1_77' title='bbox 576 1446 613 1503; x_wconf 90' lang='lat' dir='ltr'><strong>et</strong></span> <span class='ocrx_word' id='word_1_78' title='bbox 630 1429 835 1530; x_wconf 86' lang='lat' dir='ltr'><strong>reipublicae</strong></span> <span class='ocrx_word' id='word_1_79' title='bbox 853 1429 1082 1527; x_wconf 84' lang='lat' dir='ltr'><strong>dignitatem,</strong></span> <span class='ocrx_word' id='word_1_80' title='bbox 1102 1444 1138 1500; x_wconf 93' lang='lat' dir='ltr'><strong>et</strong></span> <span class='ocrx_word' id='word_1_81' title='bbox 1156 1454 1213 1500; x_wconf 87' lang='lat' dir='ltr'><strong>sa-</strong></span> 
     </span>
     <span class='ocr_line' id='line_1_12' title="bbox 138 1537 1215 1639; baseline 0 -29"><span class='ocrx_word' id='word_1_82' title='bbox 138 1540 252 1613; x_wconf 91' lang='lat' dir='ltr'><strong>lutem</strong></span> <span class='ocrx_word' id='word_1_83' title='bbox 272 1541 543 1638; x_wconf 84' lang='lat' dir='ltr'><strong>provinciarum</strong></span> <span class='ocrx_word' id='word_1_84' title='bbox 563 1555 673 1639; x_wconf 89' lang='lat' dir='ltr'><strong>atque</strong></span> <span class='ocrx_word' id='word_1_85' title='bbox 693 1543 897 1627; x_wconf 91' lang='lat' dir='ltr'><strong>sociorum,</strong></span> <span class='ocrx_word' id='word_1_86' title='bbox 927 1540 1017 1611; x_wconf 90' lang='lat' dir='ltr'><strong>meis</strong></span> <span class='ocrx_word' id='word_1_87' title='bbox 1043 1537 1215 1610; x_wconf 87' lang='lat' dir='ltr'><strong>omnibus</strong></span> 
     </span>
     <span class='ocr_line' id='line_1_13' title="bbox 140 1650 994 1751; baseline -0.006 -27"><span class='ocrx_word' id='word_1_88' title='bbox 140 1650 341 1724; x_wconf 87' lang='lat' dir='ltr'><strong>commodis</strong></span> <span class='ocrx_word' id='word_1_89' title='bbox 357 1666 394 1723; x_wconf 83' lang='lat' dir='ltr'><strong>et</strong></span> <span class='ocrx_word' id='word_1_90' title='bbox 409 1651 613 1725; x_wconf 86' lang='lat' dir='ltr'><strong>rationibus</strong></span> <span class='ocrx_word' id='word_1_91' title='bbox 629 1650 799 1751; x_wconf 70' lang='lat' dir='ltr'><strong>praeferre</strong></span> <span class='ocrx_word' id='word_1_92' title='bbox 814 1664 994 1749; x_wconf 87' lang='lat' dir='ltr'><strong>oportere.</strong></span> 
     </span>
    </p>
   </div>
   <div class='ocr_carea' id='block_1_3' title="bbox 141 1851 1290 2476">
    <p class='ocr_par' dir='ltr' id='par_1_3' title="bbox 141 1851 1216 2318">
     <span class='ocr_line' id='line_1_14' title="bbox 173 1851 1214 1917; baseline -0.003 -15"><span class='ocrx_word' id='word_1_93' title='bbox 173 1855 200 1904; x_wconf 87' lang='grc'><strong>6.</strong></span> <span class='ocrx_word' id='word_1_94' title='bbox 228 1853 399 1917; x_wconf 66' lang='lat' dir='ltr'><strong>Quamobrem.</strong></span> <span class='ocrx_word' id='word_1_95' title='bbox 426 1852 530 1903; x_wconf 76' lang='lat' dir='ltr'><strong>Necesse</strong></span> <span class='ocrx_word' id='word_1_96' title='bbox 553 1863 604 1903; x_wconf 77' lang='lat' dir='ltr'><strong>orat</strong></span> <span class='ocrx_word' id='word_1_97' title='bbox 627 1854 655 1902; x_wconf 87' lang='lat' dir='ltr'><strong>in</strong></span> <span class='ocrx_word' id='word_1_98' title='bbox 698 1852 799 1900; x_wconf 80' lang='lat' dir='ltr'><strong>snnoin</strong></span> <span class='ocrx_word' id='word_1_99' title='bbox 806 1851 889 1900; x_wconf 77' lang='lat' dir='ltr'><strong>Asiam</strong></span> <span class='ocrx_word' id='word_1_100' title='bbox 898 1851 966 1899; x_wconf 86' lang='lat' dir='ltr'><strong>missi</strong></span> <span class='ocrx_word' id='word_1_101' title='bbox 975 1862 1047 1911; x_wconf 81' lang='lat' dir='ltr'><strong>sunt,</strong></span> <span class='ocrx_word' id='word_1_102' title='bbox 1060 1867 1214 1915; x_wconf 76' lang='lat' dir='ltr'><strong>quorumque</strong></span> 
     </span>
     <span class='ocr_line' id='line_1_15' title="bbox 141 1929 1214 1998; baseline -0.004 -18"><span class='ocrx_word' id='word_1_103' title='bbox 141 1948 210 1980; x_wconf 69' lang='lat' dir='ltr'><strong>esua</strong></span> <span class='ocrx_word' id='word_1_104' title='bbox 220 1931 284 1993; x_wconf 74' lang='lat' dir='ltr'><strong>hnc,</strong></span> <span class='ocrx_word' id='word_1_105' title='bbox 297 1948 352 1996; x_wconf 71' lang='lat' dir='ltr'><strong>qua</strong></span> <span class='ocrx_word' id='word_1_106' title='bbox 365 1950 417 1982; x_wconf 85' lang='lat' dir='ltr'><strong>uon</strong></span> <span class='ocrx_word' id='word_1_107' title='bbox 428 1935 531 1982; x_wconf 85' lang='lat' dir='ltr'><strong>omnino</strong></span> <span class='ocrx_word' id='word_1_108' title='bbox 544 1950 558 1982; x_wconf 85' lang='grc' dir='ltr'>ι</span> <span class='ocrx_word' id='word_1_109' title='bbox 572 1934 655 1998; x_wconf 66' lang='lat' dir='ltr'><strong>grstia</strong></span> <span class='ocrx_word' id='word_1_110' title='bbox 698 1931 834 1982; x_wconf 74' lang='lat' dir='ltr'><strong>simultates</strong></span> <span class='ocrx_word' id='word_1_111' title='bbox 847 1947 873 1979; x_wconf 83' lang='lat' dir='ltr'><strong>sc</strong></span> <span class='ocrx_word' id='word_1_112' title='bbox 886 1931 919 1979; x_wconf 93' lang='lat' dir='ltr'><strong>ob</strong></span> <span class='ocrx_word' id='word_1_113' title='bbox 933 1931 997 1978; x_wconf 71' lang='lat' dir='ltr'><strong>hanc</strong></span> <span class='ocrx_word' id='word_1_114' title='bbox 1008 1946 1104 1978; x_wconf 72' lang='lat' dir='ltr'><strong>oausam</strong></span> <span class='ocrx_word' id='word_1_115' title='bbox 1123 1929 1214 1977; x_wconf 86' lang='lat' dir='ltr'><strong>subitu-</strong></span> 
     </span>
     <span class='ocr_line' id='line_1_16' title="bbox 141 2010 1215 2079; baseline -0.004 -19"><span class='ocrx_word' id='word_1_116' title='bbox 141 2011 294 2076; x_wconf 72' lang='lat' dir='ltr'><strong>sucupsnd·</strong></span> <span class='ocrx_word' id='word_1_117' title='bbox 302 2012 441 2078; x_wconf 83' lang='lat' dir='ltr'><strong>suspicione</strong></span> <span class='ocrx_word' id='word_1_118' title='bbox 453 2014 536 2062; x_wconf 62' lang='lat' dir='ltr'><strong>meme</strong></span> <span class='ocrx_word' id='word_1_119' title='bbox 547 2024 653 2079; x_wconf 80' lang='lat' dir='ltr'><strong>poterut,</strong></span> <span class='ocrx_word' id='word_1_120' title='bbox 698 2028 754 2063; x_wconf 86' lang='lat' dir='ltr'><strong>rum</strong></span> <span class='ocrx_word' id='word_1_121' title='bbox 768 2011 901 2075; x_wconf 73' lang='lat' dir='ltr'><strong>iutelligit,</strong></span> <span class='ocrx_word' id='word_1_122' title='bbox 920 2011 1062 2060; x_wconf 75' lang='lat' dir='ltr'><strong>denuntiare</strong></span> <span class='ocrx_word' id='word_1_123' title='bbox 1075 2010 1144 2058; x_wconf 84' lang='lat' dir='ltr'><strong>brevi</strong></span> <span class='ocrx_word' id='word_1_124' title='bbox 1162 2011 1215 2057; x_wconf 81' lang='lat' dir='ltr'><strong>fors</strong></span> 
     </span>
     <span class='ocr_line' id='line_1_17' title="bbox 141 2090 1216 2160; baseline -0.002 -21"><span class='ocrx_word' id='word_1_125' title='bbox 141 2102 168 2139; x_wconf 80' lang='lat' dir='ltr'><strong>ut</strong></span> <span class='ocrx_word' id='word_1_126' title='bbox 180 2090 270 2142; x_wconf 80' lang='lat' dir='ltr'><strong>Cicero</strong></span> <span class='ocrx_word' id='word_1_127' title='bbox 285 2103 409 2158; x_wconf 70' lang='lat' dir='ltr'><strong>tamquam</strong></span> <span class='ocrx_word' id='word_1_128' title='bbox 424 2096 550 2160; x_wconf 81' lang='lat' dir='ltr'><strong>conceptis</strong></span> <span class='ocrx_word' id='word_1_129' title='bbox 569 2111 597 2142; x_wconf 77' lang='lat' dir='ltr'><strong>ao</strong></span> <span class='ocrx_word' id='word_1_130' title='bbox 615 2111 655 2142; x_wconf 79' lang='lat' dir='ltr'><strong>so-</strong></span> <span class='ocrx_word' id='word_1_131' title='bbox 699 2103 728 2141; x_wconf 89' lang='lat' dir='ltr'><strong>ut</strong></span> <span class='ocrx_word' id='word_1_132' title='bbox 740 2109 785 2158; x_wconf 83' lang='lat' dir='ltr'><strong>per</strong></span> <span class='ocrx_word' id='word_1_133' title='bbox 803 2108 886 2141; x_wconf 79' lang='lat' dir='ltr'><strong>esrum</strong></span> <span class='ocrx_word' id='word_1_134' title='bbox 899 2090 1051 2141; x_wconf 71' lang='lat' dir='ltr'><strong>simultatum</strong></span> <span class='ocrx_word' id='word_1_135' title='bbox 1064 2106 1161 2139; x_wconf 74' lang='lat' dir='ltr'><strong>causum</strong></span> <span class='ocrx_word' id='word_1_136' title='bbox 1173 2105 1216 2137; x_wconf 82' lang='lat' dir='ltr'><strong>sos</strong></span> 
     </span>
     <span class='ocr_line' id='line_1_18' title="bbox 141 2170 1215 2240; baseline -0.003 -21"><span class='ocrx_word' id='word_1_137' title='bbox 141 2170 262 2220; x_wconf 68' lang='lat' dir='ltr'><strong>tenuibm</strong></span> <span class='ocrx_word' id='word_1_138' title='bbox 280 2172 363 2221; x_wconf 82' lang='lat' dir='ltr'><strong>verbis</strong></span> <span class='ocrx_word' id='word_1_139' title='bbox 381 2190 406 2221; x_wconf 81' lang='lat' dir='ltr'><strong>ss</strong></span> <span class='ocrx_word' id='word_1_140' title='bbox 425 2174 498 2222; x_wconf 86' lang='lat' dir='ltr'><strong>unius</strong></span> <span class='ocrx_word' id='word_1_141' title='bbox 514 2176 574 2240; x_wconf 77' lang='lat' dir='ltr'><strong>reip.</strong></span> <span class='ocrx_word' id='word_1_142' title='bbox 589 2174 656 2222; x_wconf 84' lang='lat' dir='ltr'><strong>utili·</strong></span> <span class='ocrx_word' id='word_1_143' title='bbox 699 2172 726 2221; x_wconf 85' lang='lat' dir='ltr'><strong>ln</strong></span> <span class='ocrx_word' id='word_1_144' title='bbox 734 2172 857 2233; x_wconf 86' lang='lat' dir='ltr'><strong>judicium</strong></span> <span class='ocrx_word' id='word_1_145' title='bbox 870 2170 992 2230; x_wconf 71' lang='lat' dir='ltr'><strong>adducet,</strong></span> <span class='ocrx_word' id='word_1_146' title='bbox 1010 2180 1035 2218; x_wconf 84' lang='lat' dir='ltr'><strong>et</strong></span> <span class='ocrx_word' id='word_1_147' title='bbox 1047 2171 1164 2236; x_wconf 76' lang='lat' dir='ltr'><strong>plurimas</strong></span> <span class='ocrx_word' id='word_1_148' title='bbox 1177 2184 1215 2216; x_wconf 82' lang='lat' dir='ltr'><strong>res</strong></span> 
     </span>
     <span class='ocr_line' id='line_1_19' title="bbox 142 2249 1215 2318; baseline 0 -20"><span class='ocrx_word' id='word_1_149' title='bbox 142 2250 232 2299; x_wconf 72' lang='lat' dir='ltr'><strong>utiba·</strong></span> <span class='ocrx_word' id='word_1_150' title='bbox 239 2250 358 2301; x_wconf 72' lang='lat' dir='ltr'><strong>inservire</strong></span> <span class='ocrx_word' id='word_1_151' title='bbox 371 2251 478 2302; x_wconf 81' lang='lat' dir='ltr'><strong>voluisse</strong></span> <span class='ocrx_word' id='word_1_152' title='bbox 490 2251 654 2318; x_wconf 81' lang='lat' dir='ltr'><strong>profiteretur.</strong></span> <span class='ocrx_word' id='word_1_153' title='bbox 699 2252 731 2300; x_wconf 78' lang='lat' dir='ltr'><strong>sb</strong></span> <span class='ocrx_word' id='word_1_154' title='bbox 740 2253 771 2299; x_wconf 85' lang='lat' dir='ltr'><strong>iis</strong></span> <span class='ocrx_word' id='word_1_155' title='bbox 780 2252 862 2300; x_wconf 85' lang='lat' dir='ltr'><strong>minus</strong></span> <span class='ocrx_word' id='word_1_156' title='bbox 873 2251 975 2300; x_wconf 73' lang='lat' dir='ltr'><strong>honesto</strong></span> <span class='ocrx_word' id='word_1_157' title='bbox 988 2259 1066 2314; x_wconf 78' lang='lat' dir='ltr'><strong>gestus</strong></span> <span class='ocrx_word' id='word_1_158' title='bbox 1077 2249 1215 2313; x_wconf 74' lang='lat' dir='ltr'><strong>patefaciat.</strong></span> 
     </span>
    </p>

    <p class='ocr_par' dir='ltr' id='par_1_4' title="bbox 143 2327 1290 2476">
     <span class='ocr_line' id='line_1_20' title="bbox 178 2327 1216 2392; baseline -0.003 -14"><span class='ocrx_word' id='word_1_159' title='bbox 178 2347 204 2390; x_wconf 75' lang='lat'><strong>7,</strong></span> <span class='ocrx_word' id='word_1_160' title='bbox 218 2329 278 2378; x_wconf 77' lang='lat' dir='ltr'><strong>Non</strong></span> <span class='ocrx_word' id='word_1_161' title='bbox 286 2330 391 2382; x_wconf 72' lang='lat' dir='ltr'><strong>inutiles.</strong></span> <span class='ocrx_word' id='word_1_162' title='bbox 400 2332 484 2381; x_wconf 79' lang='lat' dir='ltr'><strong>Tscitc</strong></span> <span class='ocrx_word' id='word_1_163' title='bbox 495 2331 594 2380; x_wconf 76' lang='lat' dir='ltr'><strong>ridetur</strong></span> <span class='ocrx_word' id='word_1_164' title='bbox 605 2334 655 2379; x_wconf 87' lang='lat' dir='ltr'><strong>Lu·</strong></span> <span class='ocrx_word' id='word_1_165' title='bbox 700 2331 804 2380; x_wconf 75' lang='lat' dir='ltr'><strong>-uitt</strong></span> <span class='ocrx_word' id='word_1_166' title='bbox 810 2347 859 2378; x_wconf 80' lang='lat' dir='ltr'><strong>non</strong></span> <span class='ocrx_word' id='word_1_167' title='bbox 870 2329 1029 2379; x_wconf 73' lang='lat' dir='ltr'><strong>necessarias.</strong></span> <span class='ocrx_word' id='word_1_168' title='bbox 1040 2329 1115 2392; x_wconf 84' lang='lat' dir='ltr'><strong>Quod</strong></span> <span class='ocrx_word' id='word_1_169' title='bbox 1124 2330 1176 2390; x_wconf 77' lang='lat' dir='ltr'><strong>jum</strong></span> <span class='ocrx_word' id='word_1_170' title='bbox 1184 2327 1216 2375; x_wconf 74' lang='lat' dir='ltr'><strong>iis</strong></span> 
     </span>
     <span class='ocr_line' id='line_1_21' title="bbox 143 2397 1290 2476; baseline -0.003 -17"><span class='ocrx_word' id='word_1_171' title='bbox 143 2407 208 2459; x_wconf 69' lang='lat' dir='ltr'><strong>rullo</strong></span> <span class='ocrx_word' id='word_1_172' title='bbox 221 2419 247 2458; x_wconf 76' lang='lat' dir='ltr'><strong>st</strong></span> <span class='ocrx_word' id='word_1_173' title='bbox 267 2409 335 2471; x_wconf 77' lang='lat' dir='ltr'><strong>aliis,</strong></span> <span class='ocrx_word' id='word_1_174' title='bbox 351 2410 395 2476; x_wconf 85' lang='lat' dir='ltr'><strong>qui</strong></span> <span class='ocrx_word' id='word_1_175' title='bbox 411 2427 469 2460; x_wconf 87' lang='lat' dir='ltr'><strong>cum</strong></span> <span class='ocrx_word' id='word_1_176' title='bbox 486 2411 590 2476; x_wconf 85' lang='lat' dir='ltr'><strong>imperio</strong></span> <span class='ocrx_word' id='word_1_177' title='bbox 607 2409 656 2458; x_wconf 88' lang='lat' dir='ltr'><strong>hoc</strong></span> <span class='ocrx_word' id='word_1_178' title='bbox 700 2427 752 2464; x_wconf 83' lang='lat' dir='ltr'><strong>nou</strong></span> <span class='ocrx_word' id='word_1_179' title='bbox 765 2409 947 2476; x_wconf 72' lang='lat' dir='ltr'><strong>egeo,utspud</strong></span> <span class='ocrx_word' id='word_1_180' title='bbox 960 2424 1006 2457; x_wconf 84' lang='lat' dir='ltr'><strong>vos</strong></span> <span class='ocrx_word' id='word_1_181' title='bbox 1017 2408 1214 2458; x_wconf 73' lang='lat' dir='ltr'><strong>laudcersscsm.</strong></span> <span class='ocrx_word' id='word_1_182' title='bbox 1286 2397 1290 2412; x_wconf 67' lang='lat'><strong>¹</strong></span> 
     </span>
    </p>
   </div>
   <div class='ocr_carea' id='block_1_4' title="bbox 0 0 1365 4800">
    <p class='ocr_par' dir='ltr' id='par_1_5' title="bbox 0 0 1365 4800">
     <span class='ocr_line' id='line_1_22' title="bbox 0 0 1365 4800; baseline 0 0"><span class='ocrx_word' id='word_1_183' title='bbox 0 0 1365 4800; x_wconf 95' lang='lat' dir='ltr'><strong> </strong></span> 
     </span>
    </p>
   </div>
  </div>
 </body>
</html>
