2670 5198
303 370 500 441 ΟΒΑΤΙΟ
524 370 625 438 PRO
651 369 787 440 LEGE
809 372 1049 442 MANILIA.
1170 399 1211 471 17

139 518 281 579 omnes,
299 506 433 567 cuncta
456 492 537 563 Asia
559 504 670 588 atque
694 492 831 563 Graecia
854 507 1016 564 vestrum
1037 495 1212 569 auxilium

139 620 365 705 exspectare,
390 616 544 702 propter
568 601 720 698 periculi
741 601 1049 697 magnitudinem,
1072 630 1212 704 cogun-

139 730 216 803 tur;
241 717 501 813 imperatorem
523 736 544 782 a
568 710 673 783 vobis
697 729 837 785 certum
861 711 1080 810 deposcere,
1095 742 1211 814 quum

139 825 333 923 prasertim
350 836 416 894 vos
435 821 548 892 alium
567 821 759 909 miseritis,
778 848 899 920 neque
919 823 1073 912 audent,
1090 851 1212 925 neque

139 934 171 1005 id
186 960 226 1008 se
244 932 366 1006 facere
379 957 523 1003 summo
543 933 623 1004 sine
638 929 826 1030 pericuio⁶
847 957 953 1032 posse
973 934 1210 1010 arbitrantur.

138 1044 267 1118 Vident
289 1059 327 1117 et
354 1046 518 1115 sentiunt
543 1042 616 1115 boc
637 1042 756 1131 idem,
775 1044 878 1141 quod
904 1070 989 1130 vos,
1015 1071 1131 1119 unum
1156 1053 1211 1121 vi·

138 1168 354 1242 ramesse,
372 1155 411 1224 in
430 1178 506 1250 quo
522 1177 664 1226 summa
686 1157 760 1226 sint
773 1156 916 1241 omnia,
937 1171 973 1227 et
993 1180 1077 1227 eum
1093 1182 1210 1257 prope

140 1289 209 1338 esse
218 1259 248 1352 ⁸,
276 1289 355 1362 quo
378 1264 487 1335 etiam
508 1278 632 1336 carent
648 1269 797 1362 aegrius,
820 1265 924 1360 cujus
948 1264 1108 1338 adventu
1129 1270 1210 1366 ipso

141 1389 242 1471 atque
260 1376 431 1461 nomine,
453 1376 594 1446 tametsi
610 1374 671 1447 iile
690 1375 737 1447 ad
750 1377 973 1449 maritimum
990 1376 1128 1450 beilum
1148 1406 1210 1453 ve·

143 1488 248 1571 uerit,
265 1500 389 1583 tamen
410 1486 571 1582 impetus
594 1482 755 1557 bostium
774 1511 961 1585 repressos
978 1512 1055 1559 esse
1075 1489 1210 1561 intelli·

144 1610 224 1691 gunt
244 1620 288 1668 ac
308 1594 522 1667 retardatos.
537 1595 582 1665 Hi
595 1620 673 1681 vos,
689 1598 865 1690 quoniam
886 1594 998 1667 libere
1017 1595 1121 1694 loqui
1134 1624 1211 1670 nou

145 1703 232 1796 lieet,
251 1706 360 1780 tacite
385 1718 538 1801 rogant,
565 1719 607 1776 ut
632 1725 669 1776 se
696 1730 869 1802 quoque,
890 1709 984 1777 sicut
1006 1721 1210 1781 ceterarum

145 1818 402 1912 provinciarum
416 1815 533 1887 socios
544 1824 571 1900 9,
593 1813 722 1909 dignos
736 1815 966 1903 existimetis,
980 1839 1140 1910 quorum
1155 1841 1211 1889 sa·

145 1924 244 1999 lutem
263 1926 326 1999 tali
340 1927 419 1996 viro
436 1923 722 1997 commendetis:
743 1938 855 2020 atque
869 1924 941 1999 hoc
957 1926 1065 1997 etiam
1079 1931 1209 2025 magis,

144 2061 240 2133 quam
268 2046 469 2123 ceteros¹⁰,
495 2033 599 2130 quod
629 2033 810 2130 ejusmodi
836 2037 875 2105 in
897 2037 1119 2133 provinciam
1143 2037 1209 2111 bo·

144 2148 288 2219 mines¹¹
311 2172 397 2219 cum
419 2147 573 2244 imperio
589 2146 787 2233 mittimus,
807 2159 867 2231 ut,
887 2146 1024 2216 etiamsi
1040 2145 1087 2217 ab
1103 2146 1209 2225 boste

143 2255 348 2344 defendant,
369 2272 492 2349 tamen
512 2255 676 2353 ipsorum
693 2254 871 2327 adventus
897 2257 935 2326 in
959 2255 1069 2329 urbes
1091 2261 1208 2331 socio·

141 2390 214 2438 rum
239 2394 316 2440 non
342 2367 500 2438 muitum
522 2364 568 2437 ab
590 2365 712 2437 hostili
733 2366 1005 2464 expugnatione
1024 2364 1206 2443 differant.

140 2480 234 2551 Hunc
249 2476 448 2551 audiebant
464 2490 591 2562 antea,
605 2498 706 2545 nunc
720 2490 936 2573 praesentem
952 2474 1093 2563 vident,
1108 2491 1209 2551 tanta

138 2590 391 2687 temperantia,
406 2602 507 2660 tanta
524 2586 825 2673 mansuetudine,
845 2599 946 2657 tanta
960 2586 1208 2675 humanitate,

136 2711 174 2768 ut
189 2699 212 2768 ii
229 2696 428 2771 beatissimi
449 2722 527 2769 esse
547 2694 753 2785 videantur,
769 2694 870 2795 apud
887 2720 981 2794 quos
997 2694 1057 2767 iile
1076 2695 1206 2771 diutis-

133 2808 216 2881 sime
234 2821 483 2882 commoratur
499 2816 541 2876 ¹².

164 3016 189 3065 6.
201 3015 258 3064 Sine
269 3013 383 3081 periculo
395 3030 467 3079 posse
479 3011 641 3061 arbitrantur.
726 3024 766 3057 ro.
784 3012 866 3073 Quam
879 3018 979 3056 ceteros.
991 3009 1049 3055 Duo
1062 3007 1115 3057 baee
1129 3012 1205 3060 rerba

130 3094 166 3143 tte
184 3095 345 3146 Glabrionem
366 3092 568 3156 offendant,qui
587 3105 643 3138 eum
662 3088 664 3093 '
687 3089 770 3151 apun‘a
779 3087 874 3135 multia.
885 3089 964 3135 Orant
975 3097 1001 3133 ut
1012 3086 1060 3133 boe
1073 3088 1146 3136 etiam
1155 3105 1207 3136 rna·

129 3191 221 3223 nmmo
234 3174 340 3240 irnperio
359 3173 515 3239 provinciam
536 3171 644 3219 admini-
688 3167 738 3231 gia,
750 3183 824 3230 quam
832 3178 927 3214 eeteros
935 3167 1016 3213 socios
1026 3166 1113 3229 dignos
1121 3169 1205 3215 existi·

128 3254 225 3305 nnbat,
687 3247 766 3304 metis,
774 3263 880 3310 quorum
893 3245 994 3293 salutem
1008 3247 1126 3309 Pompeio
1136 3264 1204 3295 eom·

161 3352 186 3394 7.
203 3335 282 3381 Unum
292 3332 385 3382 virum.
399 3331 607 3396 CmPompeium.
688 3325 817 3373 mandetis.

160 3414 186 3461 8.
199 3415 233 3463 tn
245 3430 302 3461 eram
312 3428 393 3477 prope
402 3428 464 3460 esse.
475 3414 505 3458 In
514 3410 579 3458 bello
589 3426 643 3457 ma·
728 3421 767 3454 ιι.
782 3403 912 3469 Ejusmodi
923 3402 949 3450 in
958 3403 1112 3467 provinciam
1123 3404 1203 3455 domi·

126 3490 206 3539 ritino
219 3492 338 3540 adversae
360 3490 490 3555 predones
502 3502 528 3538 et
540 3491 640 3554 piratas,
688 3501 738 3533 nes.
746 3488 876 3534 Praetorem
886 3485 1086 3547 iliumdesignat,
1096 3487 1206 3550 quiaquia

125 3568 644 3633 quosmaribiediterraneopemequebatur,
689 3568 710 3612 is
724 3566 812 3626 fuerit,
825 3566 868 3627 qui
882 3565 947 3613 Asta
961 3566 1115 3629 provinciam
1125 3567 1206 3615 admi·

126 3651 242 3699 militaet
252 3651 365 3715 legiones
374 3651 400 3698 in
409 3650 492 3698 Asiam
506 3651 531 3697 in
543 3649 644 3697 hiberna
690 3645 824 3701 nistrabat3
839 3655 863 3691 et
874 3661 924 3691 non
938 3643 1042 3692 obscure
1057 3662 1168 3710 rapacem
1182 3657 1206 3694 et

126 3730 268 3780 :tauma
288 3729 363 3778 Liber
376 3746 440 3777 uuus
451 3730 498 3777 MS
516 3728 607 3787 babet,
622 3740 647 3776 et
690 3725 830 3788 improbum
848 3725 1013 3786 magistratum
1034 3726 1107 3773 fuisse
1130 3726 1207 3790 signi·

127 3826 179 3856 eam
186 3822 291 3875 propter
296 3809 436 3873 esse,quod
444 3809 550 3873 probant
559 3808 644 3857 Lamb.
690 3804 756 3853 ficar.

126 3888 214 3938 Erfurt.
229 3893 313 3938 Groev.
327 3899 352 3936 et
366 3889 480 3952 Hittorp.
730 3904 769 3935 ra.
785 3885 901 3936 Correxit
920 3889 1015 3935 Funest.
1033 3902 1063 3935 ex
1081 3904 1133 3934 uno
1149 3886 1206 3935 eod.

158 3985 185 4029 9.
206 3969 335 4017 &curren
345 3984 419 4033 prov.
433 3967 527 4025 socios,
552 3968 643 4029 quibus
690 3977 867 4023 eomoremr,
889 3964 957 4028 quod
982 3966 1056 4012 etiarn
1078 3965 1206 4013 adnotavit

126 4062 199 4111 open
207 4047 277 4107 juuu
288 4056 371 4093 vestro
382 4045 513 4110 Pompeius
525 4047 590 4094 tulit.
691 4046 814 4094 olivetas.
822 4049 913 4094 Verum
928 4054 1026 4094 nonest
1039 4060 1145 4094 necesse.

199 4138 261 4205 ῙΙῙ.
284 4150 331 4196 Cic.
342 4165 397 4212 pars
407 4148 516 4195 secanda,
1037 4158 1056 4199 ,λ
