2670 5198
226 765 273 848 Aa
545 766 595 835 Μ.
619 767 659 835 Τ.
685 766 981 839 CICERONIS

227 887 355 957 vestris
377 882 564 958 beneficiis
590 886 816 986 amplissimis
842 885 1078 980 affect1u‚Q.
1101 888 1289 979 Catulus³;

225 996 385 1093 itemque
407 998 557 1069 summis
577 1000 801 1069 ornamentis
822 997 992 1087 honoris,
1014 996 1210 1089 sommant,
1225 1003 1290 1072 vir·

206 1109 334 1199 tutis,
355 1108 490 1205 ingenii
511 1106 700 1206 praeditus,
724 1111 769 1199 Q.
792 1110 1006 1180 Hortensius
1017 1105 1045 1195 ⁵,
1071 1108 1119 1181 ab
1146 1110 1218 1183 bac
1238 1136 1290 1183 ra·

226 1217 326 1289 tione
352 1217 593 1290 dissentiunt:
622 1242 780 1315 quorum
809 1241 878 1313 ego
904 1216 1181 1290 auctoritatem⁶
1198 1220 1292 1319 apud

226 1350 290 1397 vos
314 1327 437 1399 multis
464 1327 551 1399 loeis
576 1327 774 1426 plurimum
798 1328 970 1414 valuisse,
992 1342 1029 1398 et
1052 1326 1172 1399 valere
1189 1352 1292 1427 opor·

227 1451 303 1509 tere
323 1436 519 1526 confiteor3
547 1436 668 1508 sedin
687 1436 756 1507 hac
774 1459 901 1521 carisa,
923 1437 1064 1507 tametsi
1081 1440 1292 1534 cognoscitis

225 1549 456 1620 auctoritates
478 1549 675 1619 contrarias
693 1547 853 1617 virorum
872 1543 1153 1619 fortissimorum
1171 1562 1209 1619 et
1225 1548 1292 1619 cla·

224 1659 468 1743 rissimorum‚
485 1673 627 1745 tamen,
643 1658 784 1729 omissis
801 1656 1093 1742 urtotoritatibus‚
1108 1659 1191 1755 ipsa
1204 1682 1245 1729 re
1258 1673 1292 1729 et

223 1769 365 1839 ratione
383 1773 574 1864 exquirere
592 1792 786 1866 possumus
805 1770 1013 1838 veritatem:
1031 1781 1141 1863 atque
1159 1766 1232 1838 hoc
1248 1765 1293 1839 la·

222 1875 344 1964 cilius,
370 1878 471 1973 quod
495 1902 536 1948 ea
556 1880 699 1964 omnia,
723 1902 803 1973 quae
824 1875 981 1947 adhuca
998 1900 1056 1947 ine
1074 1875 1290 1963 dictasunt,

222 1985 331 2057 iidem
347 1987 403 2056 isti
417 2012 501 2058 vera
514 2012 592 2059 esse
605 1987 833 2075 concedunt,
854 2002 889 2058 et
902 1989 1143 2058 necessarium
1155 1986 1289 2060 bellum

223 2119 320 2177 esse,
333 2110 371 2167 et
386 2120 579 2194 magnum,
596 2112 633 2169 et
649 2098 687 2166 in
702 2121 779 2187 uuo
791 2101 856 2169 Cn.
871 2099 1043 2193 Pompeio
1056 2122 1201 2169 summa
1215 2122 1290 2173 este

222 2210 379 2278 omuiat.
397 2205 497 2297 Quid
515 2208 625 2304 igitur
642 2209 692 2279 ait
709 2208 945 2281 Hortensius?
959 2209 996 2277 Si
1015 2211 1078 2280 uni
1094 2210 1219 2281 omniu
1234 2210 1289 2280 tri·

223 2312 369 2389 buenda
396 2320 469 2389 sint
481 2312 509 2403 ⁸,
541 2342 656 2387 unum
681 2318 932 2413 dignissimum
958 2340 1035 2389 esse
1060 2322 1288 2416 Pompeium

224 2425 286 2497 sed
311 2426 358 2497 ad
382 2452 497 2497 unum
525 2441 645 2498 tamen
674 2432 796 2497 omnia
824 2424 956 2498 deferri
980 2453 1057 2499 uon
1084 2439 1286 2527 oporteret.

225 2534 416 2606 Obsolevit
430 2537 503 2631 jam
521 2538 587 2607 ista
605 2537 741 2621 oratio,
756 2561 794 2608 re
812 2536 929 2606 multo
948 2541 1077 2633 magis,
1092 2563 1204 2635 quam
1217 2562 1288 2610 vett·

221 2643 278 2715 bis
290 2642 455 2716 refutata.
469 2649 559 2716 Nam
577 2661 616 2716 tu
630 2645 746 2732 idern,
760 2648 802 2735 Q.
819 2652 1004 2734 Hortensi,
1022 2649 1135 2719 inulta
1149 2674 1218 2746 pro
1232 2662 1288 2719 tua

223 2779 363 2825 sumina
384 2757 488 2853 copia
506 2780 548 2827 ac
570 2756 741 2852 singulari
760 2755 928 2829 facultate
949 2756 1114 2843 dicendi,
1134 2773 1171 2830 et
1188 2760 1225 2829 iu
1241 2782 1287 2830 se·
1316 2792 1318 2797 ·

223 2880 312 2935 natu
331 2881 456 2935 contra
475 2870 593 2937 virum
615 2865 746 2936 fortem
765 2872 805 2937 Α.
829 2866 1043 2953 Gabinium,
1065 2872 1222 2964 graviter
1235 2893 1287 2941 or·

224 2991 381 3074 nateque
407 2976 549 3058 (luisti,
571 3002 685 3075 quum
711 2979 740 3048 is
759 2976 806 3049 de
828 3003 904 3049 uuo
926 2980 1143 3075 imperatore
1167 2994 1287 3051 contra

221 3086 409 3187 praedoues
435 3087 691 3160 constituendo
725 3088 841 3186 legem
873 3089 1160 3187 promulgasset3
1188 3105 1226 3161 et
1246 3112 1287 3161 es

222 3198 290 3269 hoc
307 3199 388 3296 ipso
407 3196 490 3269 loco
508 3199 690 3297 permulta
708 3200 793 3270 item
811 3214 938 3270 contra
957 3199 1072 3296 legem
1087 3225 1166 3271 eam
1181 3199 1286 3272 verbe

221 3306 388 3383 lacuum.
412 3309 537 3400 Quid?
567 3326 666 3396 tum,
694 3334 760 3406 per
785 3308 873 3381 deos
897 3308 1137 3383 immortales!
1160 3312 1192 3383 si
1210 3310 1285 3410 plus

256 3552 280 3599 3.
299 3554 332 3615 Q.
352 3549 463 3599 Catulus.
485 3550 578 3598 Coustss
599 3549 730 3598 duodecim
811 3551 837 3598 8.
849 3551 924 3614 vulg.
935 3564 999 3598 sum.
1011 3552 1086 3601 Beult.
1098 3554 1210 3618 reposuit
1217 3553 1284 3601 sinte

217 3629 400 3687 abbineenuis,
415 3631 451 3677 M.
475 3628 566 3676 AEmilii
580 3628 665 3695 Lepidi
679 3627 730 3676 eol·
778 3629 857 3678 tribus
871 3631 942 3679 MSS.
956 3633 980 3678 J.
992 3634 1024 3676 V.
1039 3632 1068 3679 t.

218 3711 279 3774 lege.
810 3724 835 3771 9.
849 3708 894 3755 Ad
903 3725 1012 3757 rmum...
1021 3726 1069 3756 non
1079 3721 1200 3773 oportere.
1212 3713 1284 3759 lleete

254 3797 278 3845 t.
301 3791 424 3836 Fortuuoe.
443 3788 548 3852 Propter
568 3788 729 3835 nobilitatem.
775 3804 873 3850 prorsus
893 3788 1007 3836 censebat
1027 3791 1180 3837 Hortensius.
1203 3790 1284 3838 Cicero

219 3895 254 3906 -
272 3867 381 3916 Virtutis.
396 3869 499 3932 Propter
513 3868 682 3931 integritatem.
696 3892 730 3904 -·-
774 3867 800 3914 in
815 3884 886 3915 rausa
902 3869 949 3916 luit
968 3885 1012 3916 eur
1028 3869 1119 3933 periret
1138 3867 1283 3933 respublim.

218 3947 321 4012 Ingenii.
333 3949 435 4010 Propter
443 3946 616 4010 eloquentiam.
775 3946 833 3994 dum
840 3948 945 4010 primum
952 3945 1284 4011 Pompeio‚deinde00ttvio

253 4026 277 4074 5.
291 4027 319 4088 Q.
331 4024 477 4074 Hortensius.
487 4026 643 4076 consulante
653 4041 730 4073 annos
774 4025 876 4073 nimium
894 4027 962 4075 savit.
981 4053 1016 4063 —-
1033 4026 1154 4074 Obsolevit
1167 4026 1226 4089 jam
1242 4024 1286 4073 t’stt

218 4118 281 4163 tres,
296 4105 387 4169 college
405 4107 434 4156 C.
448 4106 541 4155 Cerilli
557 4105 661 4162 Metelli,
680 4101 730 4152 elo·
774 4105 863 4153 oratio.
878 4107 1017 4154 Translatio
1037 4115 1133 4170 sumpta
1148 4105 1181 4153 de
1194 4106 1226 4153 ἰὴ
1235 4118 1288 4168 «με

218 4186 396 4252 quentiesimus.
772 4201 802 4232 ex
815 4201 860 4231 usu
875 4197 965 4233 remota
984 4186 1142 4246 rejiciuntur.
1157 4212 1192 4221 -
1206 4184 1248 4232 He.
1260 4181 1288 4231 ltl

251 4266 277 4312 6.
299 4263 483 4312 Auctoritatem.
502 4266 598 4310 Famam
618 4262 727 4311 illorum.
772 4274 820 4320 est,
835 4266 923 4313 effectu
939 4266 1003 4330 ipso.

215 4373 248 4382 -
260 4344 340 4392 Locis.
351 4343 525 4407 Temporibus,
537 4342 715 4390 occasionibus.
813 4360 850 4392 ro.
868 4346 945 4392 Verba
953 4344 1047 4408 fecisti.
1062 4344 1165 4403 Jamjam
1179 4345 1288 4391 Horm-

177 4429 181 4436 '
251 4439 276 4483 7.
303 4424 401 4470 Summa
422 4439 472 4470 esse
495 4422 588 4471 omnia.
614 4424 727 4470 Hernicis
773 4423 823 4470 sius
845 4423 934 4487 aliique
958 4424 1021 4471 idem
1045 4423 1203 4483 objecerant,
1227 4436 1289 4469 euno

214 4502 427 4551 virtutibusuuuut
441 4504 582 4567 Pompeium
594 4502 696 4565 pollere.
772 4504 946 4561 antecedente,
961 4521 1035 4567 quum
1057 4504 1133 4565 legem
1159 4503 1287 4567 proposuit
