2678 4800
428 348 827 423 ARGUMENTIJM.
1136 379 1155 448 7

128 479 204 537 cives
219 472 409 545 assenserint,
430 474 501 533 socii
518 471 763 551 obtemperarint,
788 472 887 531 hostes
904 470 1085 546 obedierint,
1107 476 1157 534 sed

127 576 212 634 etiam
226 573 306 632 venti
320 583 563 649 tempestatesque
576 568 819 643 obsecundarint‚
835 568 881 627 16.

167 670 300 748 Denique
313 668 351 727 ad
366 681 476 728 ceteras
496 668 635 727 utilitates
655 686 673 726 a
691 666 831 745 Pompeio
850 666 1058 745 exspectandas
1080 668 1156 728 hanc
1252 726 1262 741 ,

127 789 243 848 quoque
256 767 507 847 opportunitatem
521 765 673 843 accedere,
697 777 731 824 ut
746 765 777 824 in
791 765 827 824 iis
840 765 910 845 ipsis
929 766 1001 824 locis
1014 765 1107 835 adsit,
1128 783 1161 826 ut

128 865 234 925 habeat
248 865 427 935 exereitum,
447 875 481 922 ut
501 861 538 921 ab
551 862 603 932 iis,
619 862 670 940 qui
684 860 812 934 habent,
836 862 968 940 accipere
982 862 1078 921 statim
1092 883 1158 942 pos-

128 963 180 1035 sit,
194 983 240 1036 ¹7·

167 1064 229 1121 lam
238 1057 371 1136 sequitur
379 1056 516 1116 refutatio
526 1074 642 1126 eorum,
653 1055 704 1134 qui
716 1055 771 1135 legi
783 1054 911 1114 Maniliae
920 1054 1157 1116 adversabantur.

169 1176 196 1213 1.
210 1159 246 1230 Q,
262 1157 425 1224 Hortensii,
439 1153 490 1232 qui
505 1151 631 1230 negabat
645 1151 682 1211 ad
702 1172 791 1210 unum
807 1153 905 1211 omnia
919 1171 980 1211 esse
989 1152 1158 1225 referenda3

129 1251 178 1310 ubi
191 1254 294 1313 Cicero
310 1251 398 1310 docet
411 1250 468 1309 hoc
488 1263 690 1328 argumentum
705 1268 767 1308 esse
782 1248 946 1309 obsoletum
960 1293 968 1322 ,
981 1263 1010 1309 et
1021 1248 1081 1326 jam
1095 1264 1156 1309 tum

128 1348 340 1428 improbatum,
353 1367 443 1426 quum
458 1346 632 1406 Hortensius
643 1359 745 1405 contra
755 1351 790 1405 A.
803 1346 958 1406 Gabinium
970 1344 1097 1416 dixisset,
1108 1348 1159 1425 qui

128 1446 165 1505 de
179 1465 239 1505 uno
259 1445 435 1523 imperatore
453 1456 555 1528 qontra
578 1441 729 1522 praedones
753 1442 959 1502 constituendo
978 1444 1070 1522 legem
1090 1464 1160 1522 pro-
1206 1500 1211 1515 ,

128 1543 316 1621 mulgaverat.
332 1541 464 1620 Iniquius
480 1540 566 1600 etiam
583 1540 670 1599 fuisse
691 1539 831 1618 Pompeio
853 1552 883 1598 et
902 1545 938 1599 A.
956 1539 1081 1600 Gabinio
1101 1540 1158 1600 ob-

131 1651 299 1708 trectatum,
312 1657 349 1696 ne
364 1638 510 1716 legaretur
524 1636 666 1696 Gabinius
679 1640 733 1695 Cn.
746 1636 885 1714 Pompeio
897 1637 1044 1715 expetenti
1059 1657 1093 1696 ac
1107 1657 1158 1716 po·

128 1735 258 1793 amianti.
280 1740 383 1813 Itaque
402 1753 455 1793 sua
479 1732 598 1812 quidem
619 1733 761 1792 sententia
786 1752 876 1790 unum
899 1732 1069 1803 Gabinium,
1089 1731 1157 1792 belli

126 1831 264 1889 maritimi
277 1850 433 1909 iutrimque
454 1842 600 1909 gestarum
616 1841 781 1899 auctorem,
802 1828 936 1887 comitem
951 1833 1003 1888 Cn.
1018 1831 1158 1908 Pompeio

127 1925 351 1986 adscribendum
365 1947 441 2000 esse,
458 1927 509 1999 18,
527 1945 571 2002 19.

166 2026 344 2097 a.Q.Catuli,
353 2023 405 2102 qui
414 2022 576 2100 quaesierat,
583 2022 608 2080 si
617 2022 744 2101 populus
757 2040 892 2081 romanus
903 2022 932 2080 in
943 2041 1001 2080 uno
1014 2026 1066 2081 Cn.
1073 2028 1159 2082 Pom·

126 2119 194 2199 peio
206 2123 304 2178 omnia
314 2131 454 2198 poneret,
474 2119 499 2178 si
510 2117 582 2196 quid
593 2137 628 2177 eo
646 2118 753 2178 lactum
768 2131 858 2191 esset,
875 2117 975 2197 inquo
988 2139 1069 2198 spem
1083 2131 1157 2178 esset

126 2215 294 2288 habiturus,
311 2230 487 2296 negaratque
502 2215 572 2273 novi
585 2215 696 2294 aliquid
710 2216 773 2275 fieri
787 2214 895 2275 debere
909 2229 1010 2274 contra
1024 2218 1157 2298 exempla

123 2327 210 2392 atque
234 2315 365 2375 instituta
384 2314 535 2392 majorum.
563 2313 665 2374 Cicero
686 2327 785 2373 contra
808 2314 909 2386 docet,
936 2315 1027 2372 multa
1045 2313 1105 2392 jam
1126 2315 1156 2372 in

126 2413 265 2490 Pompeio
278 2431 355 2471 nova
364 2425 394 2471 et
406 2412 541 2471 inusitata
551 2432 618 2471 cum
627 2432 740 2471 summo
752 2413 854 2492 populi
868 2411 980 2471 romani
989 2411 1069 2470 bono
1082 2413 1156 2471 facta

126 2528 203 2580 esse,
218 2527 271 2581 ao,
282 2528 329 2567 ar.
343 2510 480 2588 Iniquum
493 2509 582 2587 igitur
592 2529 669 2584 esse,
685 2509 747 2588 ejus
763 2508 801 2569 de
815 2509 953 2589 Pompeio
965 2507 1107 2585 judicium
1127 2521 1158 2567 et

126 2605 328 2664 auctoritatem
338 2590 416 2664 nunc
427 2604 599 2684 improbari,
614 2625 662 2668 aa.
676 2606 838 2665 Praesertim
849 2625 939 2685 quum
951 2625 1017 2664 eum
1034 2618 1156 2684 propter

126 2710 212 2768 animi
229 2711 437 2770 continentiam
451 2712 523 2769 socii
536 2723 682 2790 expetant.
704 2712 838 2790 Denique
850 2712 912 2770 haec
927 2731 1012 2770 causa
1031 2711 1156 2771 auctori-

127 2805 234 2866 tatibus
246 2807 471 2866 clarissimorum
484 2809 615 2866 virorum
628 2812 660 2866 P.
668 2808 800 2878 Servilii,
813 2811 846 2866 C·
857 2808 1006 2879 Curionis,
1020 2812 1155 2867 Cn.1.en-

127 2904 192 2975 tuli,
208 2907 241 2962 C.
254 2904 343 2963 Cassii
356 2905 553 2977 confirmatur,
569 2905 616 2967 23.

164 3004 200 3058 In
214 3013 345 3060 extrema
359 3002 491 3060 oratione
503 3002 606 3061 Cicero
623 3004 655 3061 C.
669 2999 820 3059 Manilium
836 2999 981 3072 hortatur,
996 3012 1030 3058 ut
1046 3000 1076 3056 in
1090 3018 1158 3056 sen-

126 3099 214 3155 tentia
231 3112 361 3169 maneat,
376 3119 450 3157 neve
466 3099 636 3177 cujusquam
650 3099 709 3157 vim
727 3112 777 3157 aut
796 3097 888 3157 minas
902 3099 1105 3177 pertimescam
1127 3109 1158 3154 et

125 3193 268 3272 quidquid
282 3195 345 3273 ipse
361 3195 550 3268 auctoritate,
570 3194 646 3267 fide,
665 3195 825 3255 constantia
839 3196 945 3274 possit,
967 3195 997 3252 id
1013 3215 1099 3254 omne
1120 3192 1156 3250 ad

127 3291 201 3348 lianc
221 3311 283 3350 rem
299 3291 508 3351 conficiendam
529 3291 646 3353 tribuno
665 3308 694 3353 et
713 3295 825 3373 populo
841 3311 963 3351 romano
984 3293 1157 3371 pollicetur3

126 3387 268 3467 denique,
279 3409 310 3448 se
323 3389 466 3468 quidquid
480 3392 509 3449 iu
522 3391 577 3449 hac
588 3410 675 3450 causa
689 3392 795 3470 egerit,
807 3392 893 3451 unius
904 3389 1080 3469 reipublieae,
1097 3410 1155 3449 uon

125 3505 243 3544 suorum
261 3485 483 3545 commodorum
498 3506 583 3545 causa
597 3487 756 3564 suscepisse
769 3487 934 3558 confirmat,
951 3497 996 3556 at.

817 3766 846 3775 α
