2678 4800
233 345 280 433 44
554 346 603 413 Μ.
629 347 668 412 Τ.
695 346 976 416 CICERONIS

233 467 331 560 quel
349 478 586 561 superarunt,
601 465 847 563 omnibusque
867 462 1052 535 navalibus
1070 465 1201 562 pugnis
1218 470 1302 537 Car-

234 571 492 669 thaginienses,
513 573 680 646 homiues
698 577 736 646 in
756 576 943 646 maritimis
961 573 1071 646 rebus
1086 577 1302 649 exercitatis·

232 682 343 753 simos
363 683 697 781 paratissimosque,
716 687 899 773 vicerunt,
920 686 945 754 ii
960 684 1061 756 nullo
1076 684 1114 756 in
1128 686 1211 757 loco
1225 688 1298 782 jam

231 791 461 888 praedonibus
482 819 585 890 pares
601 819 678 867 esse
696 811 926 893 poteramus:
950 818 1017 865 nos
1033 819 1183 891 quoque
1193 792 1220 882 ⁵,
1237 800 1299 893 qui

232 915 337 972 autea
349 927 425 973 non
439 902 550 975 modo
562 905 699 976 Italiam
714 920 828 976 tutam
842 903 1084 989 habebamus,
1098 903 1162 976 sed
1173 929 1301 980 omnes

231 1012 347 1083 socios
366 1015 405 1083 iu
424 1012 558 1085 ultimis
575 1018 649 1086 oris
665 1017 877 1087 auctoritate
894 1015 1010 1085 nostri
1023 1014 1165 1111 imperii
1184 1014 1301 1088 salvos

231 1135 399 1219 praestare
420 1137 648 1221 poteramus3
668 1141 768 1213 tum,
793 1150 909 1222 quum
934 1124 1050 1195 insula
1071 1124 1204 1211 Delos,
1227 1139 1301 1196 tam

234 1231 363 1329 procul
381 1256 402 1302 a
419 1231 525 1304 nobis
546 1236 581 1305 in
596 1239 711 1332 AEgaeo
732 1235 824 1306 mari
844 1235 980 1333 posita,
1000 1258 1076 1331 quo
1095 1258 1224 1305 omnes
1240 1260 1304 1305 un·

234 1339 344 1439 dique
372 1366 456 1413 cum
483 1344 662 1418 mercibus
688 1360 798 1444 atque
828 1344 1001 1415 oneribus
1031 1336 1303 1430 commeabant,

233 1452 365 1523 referta
391 1450 545 1540 divitiis,
572 1480 700 1553 parva,
730 1458 808 1527 sine
834 1478 962 1540 muro,
992 1451 1109 1523 nihil⁶
1134 1451 1303 1538 timebat,
1329 1482 1337 1503 ¹

233 1559 343 1632 iidem
364 1587 441 1633 nou
463 1562 574 1634 modo
597 1566 808 1662 provinciis,
832 1578 943 1661 atque
965 1566 1039 1634 oris
1061 1562 1170 1632 ltaliae
1194 1563 1302 1631 mari·

233 1671 346 1757 timis,
361 1696 403 1743 ac
421 1672 601 1769 portubus
622 1679 772 1761 nostris,
790 1672 853 1744 sed
874 1675 983 1744 etiam
1002 1671 1139 1768 Appia⁷
1156 1669 1232 1763 jam
1248 1671 1305 1739 via

234 1781 477 1854 carebamus:
506 1798 542 1855 et
569 1783 625 1857 his
652 1768 879 1882 temporibus
904 1807 981 1853 non
1007 1778 1168 1879 pudebat
1191 1779 1304 1876 magi·

235 1904 366 1963 stratus
390 1893 517 1991 populi
539 1896 694 1978 romani,
717 1898 757 1967 in
777 1893 876 1962 hunc
894 1894 1013 1990 ipsum
1039 1889 1159 1960 locum
1179 1910 1305 1959 escen·

234 1998 320 2072 dere
328 1995 357 2089 ⁸,
378 2028 491 2099 quum
513 2029 598 2075 eum
620 2002 722 2075 vobis
744 2006 898 2098 majores
920 2001 1028 2072 vestri
1048 1999 1185 2070 exuviis
1211 2021 1304 2069 nau·

234 2110 312 2181 ticis
330 2125 366 2182 et
385 2110 551 2183 classium
569 2113 694 2211 spoliis
712 2127 877 2187 ornatum
899 2107 1145 2208 reliquissent!

281 2224 377 2291 xlx.
396 2226 498 2293 Bono
523 2237 559 2294 te
583 2226 707 2294 animo
735 2236 832 2308 tum,
855 2224 900 2311 Q.
927 2219 1117 2304 Hortensi,
1143 2216 1306 2315 populus

233 2354 423 2419 romanus,
450 2346 486 2403 et
513 2348 668 2419 ceteros,
686 2335 749 2430 qui
776 2345 881 2405 eraut
900 2332 936 2399 in
959 2328 1085 2399 eadem
1109 2326 1306 2412 sententia,

233 2436 353 2509 dicere
371 2442 583 2512 existimavit
601 2467 658 2527 ea,
677 2467 758 2538 quas
777 2438 1003 2525 sentiebatis3
1030 2435 1093 2508 sed
1118 2452 1239 2507 tamen
1267 2439 1305 2506 in

232 2546 346 2620 salute
371 2554 557 2621 communi
583 2551 681 2623 idem
704 2549 863 2649 populus
884 2571 1055 2621 romanus
1076 2545 1214 2616 dolori¹
1237 2569 1305 2616 suo

233 2735 354 2786 demersit.
375 2741 450 2787 Auno
470 2740 611 2804 insequente
629 2741 657 2788 L.
670 2739 745 2787 AEmi-
789 2736 857 2801 quod
868 2746 893 2784 et
901 2736 942 2783 hie
952 2745 989 2783 est
1002 2734 1109 2782 otiosum
1123 2743 1148 2780 et
1160 2732 1222 2779 msle
1234 2740 1307 2779 soust

232 2816 280 2865 lius
304 2818 434 2882 Regillus,
461 2821 505 2883 qui
527 2821 597 2868 Livio
622 2836 745 2867 successe·
789 2827 845 2863 snte
859 2814 903 2877 qui
913 2813 1032 2876 positum.
1046 2810 1203 2859 Goerens.ad
1213 2809 1307 2860 Ciede

233 2907 285 2957 rst,
300 2898 411 2947 eumdem
432 2900 608 2964 Polyxenidam
626 2900 658 2947 sd
672 2902 745 2963 Myo·
790 2892 872 2941 Finib.
893 2893 929 2950 ΙΙ,
946 2908 974 2954 9,
995 2902 1061 2939 recte
1079 2891 1180 2951 conjicit
1201 2905 1306 2955 nosque.

232 2991 316 3024 ussum
324 2979 403 3026 nsvsli
413 2978 745 3042 praeliovicit,xs11uavibus
792 2972 808 3018 J
811 3006 817 3019 ·
828 2972 858 3017 V·
871 2971 899 3018 L.

232 3055 259 3101 iu
269 3071 296 3102 es
306 3072 387 3121 pugne
398 3058 505 3121 potitus,
516 3074 618 3120 quarum
628 3055 745 3104 tredecim
825 3050 850 3097 6.
869 3047 939 3094 Nibt'l
951 3048 1057 3096 lintebat.
1072 3047 1168 3111 Opibus
1182 3046 1242 3094 fret·
1257 3063 1305 3112 po·

232 3144 308 3196 csptae
318 3135 344 3182 iu
354 3146 499 3198 potestatem
511 3138 562 3196 ejus
572 3146 699 3191 venerunt,
709 3151 747 3181 ce·
791 3128 845 3193 pull
857 3128 960 3175 romani·

232 3221 289 3259 serae
298 3212 746 3263 incemesusdemersae.v1de1.ivium
827 3205 1002 3270 7.Apps'ajam
1012 3204 1068 3252 via.
1081 3206 1176 3268 Appius
1185 3204 1306 3254 cunetas

231 3288 277 3338 lib.
290 3292 585 3341 xxxvletxxxvtt.
790 3286 875 3335 eacus
897 3300 974 3347 quum
997 3295 1059 3331 esset
1081 3299 1179 3340 censor,
1198 3285 1306 3348 Appism

269 3377 293 3424 4.
325 3373 470 3433 Persenque.
500 3372 529 3420 C.
556 3372 673 3419 Oeuvim
693 3370 744 3421 kal.
790 3367 853 3412 viam
867 3380 880 3410 s
895 3373 967 3427 porta
976 3365 1073 3427 (lapsus
1086 3378 1163 3425 usque
1176 3362 1208 3409 ad
1220 3363 1306 3410 urbem

232 3447 401 3497 decembribus
422 3449 453 3497 de
471 3465 525 3513 rege
547 3452 617 3497 Peme
635 3450 744 3498 navalem
790 3444 913 3508 Capuam,
928 3442 1083 3491 muniendam
1107 3445 1220 3501 curavit;
1248 3443 1307 3490 iude

232 3526 382 3592 triumphum
392 3528 503 3591 eglescit
512 3530 683 3592 elemptim,
693 3530 745 3578 sine
790 3523 954 3570 brundusium
968 3538 1044 3584 usque
1061 3521 1153 3568 munies
1165 3532 1210 3568 en.
1222 3522 1306 3583 Quum

232 3607 593 3670 momenmentum,
618 3617 661 3663 ss.
688 3608 746 3656 Plu·
788 3618 848 3649 vem
860 3601 1071 3666 propinquanti
1083 3603 1305 3664 jaceret,peresn

232 3684 329 3734 tsrchus
348 3695 434 3733 contra
456 3686 541 3735 scribit
566 3689 653 3734 Persen
677 3687 743 3752 apud
790 3682 835 3728 iter
851 3680 954 3741 habere,
976 3682 1062 3744 piratis
1073 3698 1138 3729 mete
1150 3680 1307 3740 tenentibus,

232 3766 325 3812 &eum
342 3780 397 3811 cum
417 3767 534 3812 Romanis
557 3767 643 3829 praelio
662 3766 743 3813 navali
788 3761 840 3807 sine
852 3760 962 3822 periculo
973 3776 1025 3808 uon
1035 3759 1305 3808 licebat.Stssb.lib.V.

233 3859 350 3908 prospere
370 3843 517 3904 decertasse,
531 3854 555 3891 et
572 3846 658 3908 viginti
673 3862 746 3893 naves
829 3839 852 3886 ⁸·
873 3840 914 3887 Sic
934 3840 1017 3887 Graev.
1034 3856 1047 3886 e
1062 3841 1107 3887 MS
1123 3838 1213 3888 Colon-
1229 3837 1305 3900 Vulg·

234 3924 355 3970 onerarias
365 3923 471 3986 cepisse,
488 3923 546 3971 alies
555 3925 677 3983 mersisse,
692 3941 746 3987 quae
792 3917 930 3965 ascendere.
942 3918 959 3965 J
962 3953 968 3964 .
980 3920 1010 3964 V.
1024 3919 1050 3965 L.

235 4000 356 4048 frumento
366 4012 461 4049 onustae
471 4013 548 4049 eraut.
828 3998 900 4043 xlx.
922 4013 943 4043 ι.
965 3996 1051 4043 Dolori
1070 4013 1122 4044 suo.
1141 3998 1248 4060 Propter
1268 3995 1306 4042 iss·

272 4079 296 4127 5.
309 4081 361 4132 Nes
370 4079 618 4146 quoquenieplieuis
627 4083 747 4140 Ernento,
793 4074 921 4122 comniods
935 4092 1016 4139 quma
1032 4077 1115 4138 piratis
1124 4075 1289 4145 accipiebant.
