2678 4800
226 317 271 391 32
541 320 589 388 M.
615 321 656 388 Τ.
681 321 975 394 CICERONIS

223 442 355 516 Caietae
383 437 680 530 celeberrimum,
707 456 818 541 atque
845 442 1098 541 plenissimum
1128 450 1299 537 navium,

222 556 448 651 inspectante
471 561 651 649 praetore⁷
673 576 694 622 a
719 553 956 651 praedonibus
982 581 1059 628 esse
1085 557 1299 658 direptum?

222 689 266 734 ex
285 665 426 734 Miseno
444 674 565 732 autem
585 662 664 756 ejus
686 662 800 760 ipsius
817 663 952 735 liberos
963 662 992 754 ⁸,
1013 671 1079 765 qui
1099 693 1184 741 cum
1202 696 1298 769 prae-

221 773 380 845 dnnibus
395 787 501 843 autea
514 770 567 843 ibi
583 770 722 843 bellum
740 790 920 870 gesserat,
936 800 957 847 a
971 778 1204 875 praedonibus
1218 808 1297 856 esse

221 884 406 956 sublatos?
424 885 515 955 Nam
534 882 624 979 quid
641 906 709 980 ego
727 887 894 956 Ostiense
913 887 1223 978 incommodum,
1244 906 1298 963 at·

220 1020 293 1092 que
314 994 413 1066 illam
440 992 560 1065 labem
585 1007 695 1090 atque
718 995 957 1091 ignominiam
981 997 1186 1095 reipublicae
1204 1027 1297 1099 que·

219 1130 299 1192 rar;
321 1129 459 1202 quum,
480 1126 597 1201 prope
619 1103 910 1201 inspectantibus
928 1105 1218 1196 vobis¹⁰‚classis
1232 1138 1293 1204 ea,

219 1218 275 1286 cui
294 1213 423 1287 consul
441 1213 569 1311 populi
590 1215 774 1284 romani¹¹
798 1216 1015 1314 praepositus
1032 1234 1144 1309 esset,
1162 1246 1183 1291 a
1201 1247 1294 1319 prae-

218 1323 374 1397 donibus
399 1338 505 1421 capta
534 1337 646 1420 atque
673 1348 849 1422 oppressa
869 1326 948 1398 est?
973 1332 1044 1401 Pro
1071 1328 1121 1400 dii
1141 1333 1293 1404 immor-

215 1433 319 1508 tales!
342 1449 528 1507 tantamne
549 1438 658 1505 unius
679 1433 838 1506 hominis
863 1436 1086 1511 incredibilis
1105 1465 1147 1512 ac
1169 1440 1293 1515 divina

214 1548 327 1619 virtus
348 1561 421 1618 tam
444 1545 547 1617 brevi
567 1558 732 1643 tempore
745 1556 774 1589 ¹²
796 1547 916 1618 lucem
932 1544 1061 1621 afferre
1081 1549 1292 1649 reipublicae

214 1659 347 1758 potuit,
360 1672 403 1729 ut
416 1682 502 1743 vos,
514 1656 578 1752 qui
592 1653 706 1726 modo
720 1670 803 1728 ante
819 1657 953 1728 ostium
973 1658 1184 1731 Tiberinum
1199 1661 1293 1734 clas·

214 1791 290 1840 sem
310 1766 469 1840 bostium
488 1763 686 1852 videbatis,
704 1765 730 1835 ii
749 1791 849 1838 nunc
870 1766 1009 1839 nullam
1032 1770 1128 1841 intra
1149 1774 1290 1844 Oceani

212 1875 386 1951 ostium¹³
406 1875 620 1976 praedonum
640 1900 768 1946 navem
786 1901 864 1948 esse
879 1879 1056 1951 audiatis?

259 1994 379 2087 Atque
402 1988 500 2075 baec,
522 2011 597 2085 qua
619 1986 803 2057 celeritate
830 2004 930 2085 gesta
949 1991 1042 2078 sint,
1065 2014 1291 2088 quamquam

210 2096 358 2185 videtis,
372 2113 492 2168 tamen
506 2119 599 2167 ame
613 2096 651 2164 iu
665 2093 820 2168 dicendo
836 2100 1087 2196 praetereunda
1100 2127 1176 2173 non
1190 2117 1288 2174 sunt.

210 2210 301 2299 Quis
320 2212 416 2281 enim
433 2229 630 2303 umquam,
648 2219 712 2275 aut
730 2205 893 2278 obeundi
909 2211 1066 2306 negotii,
1082 2224 1145 2281 aut
1162 2235 1291 2282 conse·

209 2319 346 2418 quendi
366 2332 525 2415 quaestus
546 2314 687 2404 studio,
706 2331 779 2387 tam
802 2315 908 2390 brevi
932 2333 1115 2416 tempore,
1135 2333 1190 2390 tot
1207 2319 1290 2393 loca

208 2430 327 2517 adire,
346 2444 468 2500 tantos
486 2451 614 2499 cursus
631 2424 812 2499 conficere
830 2433 969 2527 potuit,
986 2454 1095 2527 quam
1110 2429 1289 2519 celeriter',

207 2547 274 2614 Cu.
307 2541 485 2638 Pompeio
512 2536 625 2626 duce,
650 2535 739 2609 belli
764 2538 922 2637 impetus
935 2544 965 2593 ¹⁴
992 2540 1195 2638 navigavit?
1219 2542 1288 2639 qui

206 2692 306 2744 ducitis.
328 2698 486 2742 Frumentum
514 2703 540 2739 et
563 2691 645 2739 omnia
665 2690 723 2738 vitet
767 2690 949 2753 incenderunt,
971 2694 1053 2741 omniu
1072 2693 1244 2757 diripuerunt,
1261 2706 1289 2744 et

207 2769 723 2837 neceranria,quaeexdsricu‚Aria‚Sicilir‚
766 2770 874 2835 pradum
891 2788 959 2819 ruem
978 2773 1004 2819 iu
1021 2770 1082 2819 urbe
1100 2772 1153 2836 iper
1169 2771 1240 2836 quui
1257 2772 1288 2822 in

206 2853 316 2903 Sndinir
325 2868 356 2900 eo
366 2850 591 2916 comportabantur.
766 2848 858 2898 finibus
869 2850 919 2898 ruia
933 2866 1018 2898 secure
1032 2850 1206 2916 deposuerunt.

243 2934 556 2996 7.1nspectanteproetore.
571 2931 652 2992 Quem
660 2945 722 2993 prte-
806 2944 846 2978 10.
872 2929 1064 2995 Inspectautibus
1090 2929 1171 2978 uobis.
1199 2931 1287 2993 Quum

205 3026 284 3062 torem
298 3010 422 3060 nonlicet
440 3024 601 3074 cognoscem
621 3008 723 3058 forsitan
767 3008 1039 3071 amputetur-ameno,
1048 3009 1153 3081 Romani
1162 3009 1289 3074 eCnpito·

205 3104 286 3141 tamen
307 3091 345 3137 M.
363 3088 501 3137 Antonium
521 3085 654 3151 signifieat,
676 3089 722 3152 qui
764 3085 800 3134 lio
811 3089 922 3136 Ostiense
932 3104 997 3137 mare
1007 3099 1238 3154 cernerepoterant.

203 3184 259 3221 aute
274 3169 414 3232 Pompeium
430 3179 515 3215 contre
528 3168 619 3231 pirates
632 3168 720 3215 mium
803 3183 843 3216 rr.
866 3167 959 3216 ΟοηειιΙ
975 3168 1065 3232 populi
1084 3167 1189 3215 romani.
1215 3167 1287 3216 vitat

203 3251 267 3299 male
279 3265 330 3297 rem
345 3248 434 3311 gemit,
450 3257 474 3293 et
487 3247 582 3295 indicto
597 3247 719 3296 Cretensi·
763 3246 853 3294 umieco
862 3247 961 3294 nomine
971 3247 1158 3303 contumelium,
1171 3244 1215 3293 red
1225 3246 1288 3310 quir

204 3330 251 3378 bus
272 3328 337 3377 bello
356 3326 448 3374 ibidem
469 3327 575 3384 interiit,
598 3337 625 3374 ut
645 3328 718 3375 tradit
762 3324 835 3372 fuerit
858 3326 899 3373 ille
921 3324 1008 3372 consul
1030 3340 1178 3388 cognoscere
1206 3324 1285 3373 nohis

202 3409 325 3458 Asconius
334 3418 359 3454 et
376 3406 460 3454 Florus
474 3405 500 3452 in
513 3406 613 3469 epitom.
628 3405 717 3467 Conje·
762 3418 813 3451 non
826 3404 905 3452 datur.

202 3500 296 3537 crurum
322 3486 391 3533 ducit
417 3484 560 3533 Plutarchus
587 3500 643 3532 eum
665 3501 717 3534 eree
800 3499 839 3530 12.
853 3485 912 3530 Tam
923 3481 989 3531 brevi
995 3495 1111 3546 tempore.
1121 3481 1215 3530 Piratae
1228 3497 1283 3530 om·

201 3571 272 3628 cujus
280 3565 353 3613 filiae
364 3564 523 3630 praedonibus
533 3575 604 3628 cepta
614 3599 621 3624 ‚
630 3580 716 3630 magna
760 3579 803 3611 net
817 3563 1085 3627 undequinquagesimo
1094 3561 1145 3620 die,
1157 3572 1183 3609 ut
1193 3578 1286 3628 supra,

199 3646 305 3713 pecunie
317 3655 402 3710 postea
411 3644 534 3708 redempta
546 3655 590 3692 ert.
760 3641 861 3691 delevit.

238 3729 262 3774 8.
272 3726 377 3774 liberor.
387 3729 510 3774 Hecaoce
518 3721 606 3787 plurali
615 3722 715 3773 utebeu-
798 3719 962 3773 13...0ceanr‘
980 3719 1077 3768 ostium.
1102 3714 1168 3768 lutra
1189 3720 1283 3769 fretum

200 3818 241 3855 tur
263 3805 343 3854 Latini
364 3805 396 3852 ad
420 3801 607 3868 exprimendum
639 3819 715 3852 unum
759 3798 916 3850 Herculeum.

199 3886 318 3934 duntaxat
330 3883 408 3932 filium
421 3895 461 3931 aut
475 3881 559 3931 filiam.
798 3890 839 3938 rt.
862 3880 926 3928 Belli
938 3879 1048 3946 impetus.
1064 3881 1169 3929 Poetice.
1194 3880 1282 3942 Quum

236 3982 261 4028 9.
276 3965 383 4014 Ostieme
392 3962 580 4011 incommodum.
590 3962 676 4010 Piretae
686 3963 711 4010 iu
759 3976 843 4009 cemus
855 3961 975 4008 tribuatur
985 3960 1098 4008 inanimis
1106 3959 1178 4007 rebus
1186 3995 1194 4020 ,
1203 3960 1281 4008 estut·

197 4047 291 4095 Ostiam
316 4044 417 4110 iugreeei
443 4059 517 4090 naves
544 4045 711 4091 Romanorum
756 4050 796 4109 get
815 4039 914 4105 quidum
928 4039 1046 4088 orationis
1063 4039 1147 4099 detur,
1161 4037 1278 4102 quadam
