2670 5198
134 772 181 855 do
460 769 508 836 M.
533 769 572 835 T.
600 765 879 837 CICERONIS

134 891 237 989 peius
256 887 415 985 legatum
436 909 580 985 semper
602 884 799 982 judicavit3
826 887 871 975 ii,
897 884 1032 983 quibus
1059 909 1205 986 semper

134 1012 212 1070 erat
240 997 454 1084 molestum,
479 995 524 1067 ad
551 1021 635 1067 eum
665 993 921 1094 potissimum⁶
941 1020 1017 1068 esse
1034 1000 1204 1087 missum,

135 1107 422 1206 speculatorem,
454 1130 562 1203 quam
597 1108 754 1201 legatum
785 1105 939 1200 judicari
971 1107 1205 1180 maluerunt?

132 1219 285 1289 Potestis
302 1218 411 1314 igitur
423 1217 497 1312 jam
515 1218 752 1303 constituere,
768 1217 946 1305 Quirites,
966 1215 1061 1288 hanc
1075 1233 1204 1290 aucto·

133 1331 295 1415 ritatem,
312 1327 436 1398 multis
454 1339 604 1423 postea⁷
623 1325 734 1397 rebus
758 1327 885 1423 gestis,
908 1328 1123 1424 magnisque
1141 1353 1204 1401 ve·

133 1442 216 1510 stris
232 1438 376 1533 judiciis
393 1434 665 1534 amplificatam,
679 1450 858 1532 quantum
872 1435 970 1534 apud
985 1435 1066 1508 illos
1082 1462 1204 1536 reges,

135 1563 314 1647 quantum
343 1544 441 1644 apud
468 1561 607 1618 exteras
630 1547 796 1618 nationes.
818 1545 1008 1617 valituram
1030 1569 1108 1618 esse
1127 1550 1202 1618 exi·

133 1660 294 1731 stimetis.

179 1769 374 1865 Reliquum
396 1780 466 1855 est,
488 1781 530 1837 ut
555 1764 601 1836 de
626 1764 812 1850 felicitate,
836 1789 947 1863 quam
970 1780 1138 1863 praestare
1158 1766 1204 1839 de

130 1903 168 1950 se
187 1880 268 1976 ipso
289 1901 397 1948 nemo
419 1889 555 1974 potest,
573 1877 780 1946 meminisse
797 1891 834 1946 et
853 1899 1142 1949 commemorare
1157 1877 1204 1950 de

132 1988 247 2060 altero
266 2010 481 2086 possumus,
507 1987 600 2056 sicut
624 2009 769 2082 aequum
793 2000 847 2056 est
869 1985 1009 2055 bomini
1031 1983 1076 2056 de
1100 2001 1201 2085 pote-

133 2116 225 2176 state
244 2100 415 2188 deomm,
437 2095 589 2170 timide⁸
613 2111 652 2170 et
670 2122 782 2196 pauca
813 2096 983 2169 dicamus.
1008 2104 1085 2197 Ego
1105 2104 1203 2172 enim

133 2212 185 2283 sic
206 2212 394 2282 existimo:
417 2211 591 2291 Maxime,
609 2208 801 2295 Marce110,
817 2210 998 2305 Scipioni,
1013 2211 1150 2299 Mario,
1167 2226 1204 2283 et

68 2387 74 2406 ,
135 2323 262 2394 ceteris
294 2321 433 2416 magnis
462 2317 764 2415 imperatoribus,
796 2342 872 2388 uon
904 2318 1023 2389 solum
1054 2335 1205 2419 propter

135 2434 327 2516 virtutem,
357 2428 552 2499 sedetiam
580 2441 730 2525 propter
752 2425 956 2515 fortunam,
982 2432 1113 2528 saepius
1135 2432 1202 2501 im·-

136 2539 235 2638 peria
254 2535 440 2623 mandata,
459 2550 569 2663 avire
588 2536 767 2606 exercitus
785 2560 862 2607 esse
885 2541 1108 2609 commissos.
1122 2543 1205 2610 Fuit

136 2649 230 2718 enim
256 2642 420 2742 prolecto
445 2642 663 2741 quibusdam
692 2648 841 2717 summis
864 2648 947 2717 viris
970 2649 1136 2744 quaedam
1159 2648 1204 2720 ad

136 2753 413 2853 amplitudinem
435 2769 471 2824 et
493 2753 663 2851 gloriam,
684 2769 719 2824 et
740 2753 784 2824 ad
803 2780 859 2826 res
877 2780 1021 2852 magnas
1037 2756 1134 2828 bene
1151 2783 1205 2854 ge

134 2865 264 2938 reudas
285 2865 456 2936 divinitus
480 2863 651 2959 adjuncta
674 2861 840 2935 fortuna:
868 2865 914 2935 de
942 2865 1051 2960 hujus
1081 2882 1203 2939 autem

134 2976 291 3048 hominis
320 2972 505 3059 felicitate,
532 2999 609 3072 quo
640 2972 685 3045 de
714 2999 813 3063 nunc
842 2976 1001 3071 agimus,
1030 2975 1097 3046 hac
1124 2992 1205 3048 utar

131 3085 380 3156 moderatione
404 3083 571 3172 dicendi,
599 3108 673 3155 nou
697 3087 797 3156 utin
820 3084 916 3156 illius
936 3099 1113 3183 potestate
1133 3087 1206 3158 for-

132 3211 259 3268 tunam
283 3200 437 3295 positam
463 3220 541 3269 esse
568 3196 703 3281 dicam,
728 3193 790 3265 sed
813 3209 855 3264 ut
880 3197 1058 3292 praeterita
1079 3200 1206 3269 memi-

132 3308 247 3394 nisse,
264 3307 406 3404 reliqua
435 3301 579 3405 sperare
603 3302 802 3392 videamur,
824 3329 870 3373 ne
891 3319 953 3374 aut
976 3306 1116 3376 invisas
1136 3306 1206 3378 diis

129 3415 396 3491 immortalibus
418 3419 534 3485 oratio
557 3429 699 3500 nostra,
722 3428 784 3483 aut
809 3414 946 3508 ingrata
976 3438 1052 3485 esse
1079 3414 1206 3487 videa·

133 3543 205 3599 tur.
223 3532 350 3622 Itaque
365 3550 440 3595 non
455 3550 535 3595 sum
554 3522 832 3621 predicaturus,
850 3525 1029 3612 Quirites,
1048 3539 1206 3619 quantas

134 3635 192 3706 ille
214 3657 272 3705 res
294 3632 395 3705 domi
418 3634 642 3730 militiaeque,
666 3647 762 3704 terra
785 3633 970 3729 marique,
992 3648 1205 3733 quantaque

133 3848 169 3895 fra
181 3844 309 3910 legendum
320 3845 534 3909 eeuset,«quibus
542 3860 586 3909 per
595 3854 646 3892 erat
688 3843 738 3890 lum
759 3844 846 3908 populi
871 3843 993 3906 suffragiis
1015 3845 1038 3891 ei
1061 3847 1206 3897 mandatum

134 3925 263 3973 molestum
274 3945 295 3970 ι.
309 3924 333 3973 J.
343 3925 375 3970 V.
388 3926 416 3971 L.
689 3924 767 3971 fuerat
781 3923 885 3971 Gabinia
898 3923 959 3985 lege.

169 4006 196 4052 6.
210 4003 313 4050 Adsum
320 4001 483 4066 potissimum.
499 4006 581 4065 Quum
594 4003 646 4065 ipse
728 4004 752 4052 8.
769 4003 871 4051 Timide.
888 4002 941 4062 Ne,
956 4003 1024 4066 quod
1037 4002 1140 4052 deorum
1153 4018 1205 4066 est,

135 4093 241 4148 quaestor
250 4092 343 4129 tautum
351 4091 375 4127 et
384 4081 547 4143 aliiquiidem
555 4081 645 4128 bellum
689 4081 784 4129 homiui
797 4081 907 4129 tribuisse
920 4081 1011 4129 videar.

44 4158 47 4163 “
134 4160 334 4211 administrabant
348 4161 380 4223 Q.
394 4160 522 4219 Metellus,
536 4161 575 4208 M.
589 4163 646 4208 Per·
726 4177 751 4222 9.
766 4160 848 4207 Invisa
860 4159 906 4206 diis
920 4159 1206 4211 irnmortalitmdstfor-

134 4256 221 4306 perus,
236 4239 373 4287 consuleres
384 4250 471 4288 essem.
567 4246 570 4255 ⁴
690 4251 773 4287 tunam
784 4240 808 4286 in
819 4239 928 4302 Pompeii
938 4256 1011 4286 runnu
1020 4240 1125 4303 positam
1136 4241 1206 4290 dixe·

171 4336 194 4380 7.
205 4322 304 4367 Postea.
313 4321 372 4366 Post
378 4319 536 4383 Hispaniense
544 4317 644 4366 bellum.
689 4320 750 4377 rim,
768 4335 849 4381 quaea
866 4317 911 4365 diis
926 4318 1025 4381 pendet.
1040 4345 1075 4354 —-
1089 4323 1204 4384 Ingrata.

133 4424 168 4438 -
182 4397 259 4444 liebus
277 4397 361 4461 gestis.
383 4399 474 4447 Coutrs
494 4398 592 4461 piratas.
611 4424 645 4433 -—
689 4397 714 4445 si
727 4413 772 4443 uec
786 4396 905 4459 praeterita
923 4398 1070 4454 meminisse,
1085 4414 1131 4446 ner
1145 4400 1205 4447 reli·

138 4476 338 4542 Vestrisjude'ciis.
352 4477 428 4540 Quod
438 4479 583 4526 maritimum
594 4476 644 4523 bel·
689 4492 735 4539 qua
747 4491 842 4538 sperare
854 4475 984 4525 videamur.
